1812 2886
161 137 180 172 1
792 142 974 169 11110011οΑ
1579 147 1603 188 5

299 253 508 302 Quantum
538 253 647 292 lenta
676 253 809 291 solent
837 253 942 291 inter
970 251 1141 292 viburna
1170 251 1359 303 cupressi.

208 311 268 348 M.
357 310 409 350 Et
440 322 547 362 quae
576 315 690 349 tanta
720 310 792 348 fuit
823 309 998 348 Romam
1028 309 1100 349 tibi
1128 320 1251 349 causa
1280 308 1476 348 videndi?

226 367 266 406 T.
354 367 547 414 Libertas,
578 378 684 419 quae
713 379 803 407 sera
831 372 970 407 tamen
999 366 1176 417 respexit
1203 366 1385 412 inertem,

297 425 520 464 Candidior
549 429 766 476 postquam
796 423 982 464 tondenti
1011 424 1138 462 barba
1167 424 1341 463 cadebat
1353 436 1364 472 ;

299 482 493 534 Respexit
521 487 659 522 tamen
689 487 731 520 et
758 482 882 532 longo
911 486 1005 532 post
1033 486 1219 532 tempore
1247 480 1370 527 venit,

296 539 517 590 Postquam
546 551 623 578 nos
654 538 867 590 Amaryllis
897 538 1032 584 habet,
1062 536 1235 577 Galatea
1265 538 1433 588 reliquit.

297 597 499 647 Namque,
530 596 689 636 fatebor
718 596 836 642 enim,
866 596 965 634 dum
994 607 1062 634 me
1091 594 1263 634 Galatea
1292 596 1468 641 tenebat,

295 654 335 692 N
339 666 385 693 ec
414 665 508 704 spes
537 653 730 693 libertatis
761 659 846 692 erat
874 665 951 692 nec
981 663 1077 692 cura
1106 652 1248 703 peculi.

294 710 491 760 Quamvis
521 711 646 749 multa
675 710 775 749 meis
805 710 930 750 exiret
959 709 1120 749 victima
1148 709 1298 760 saeptis

295 768 456 819 Pinguis
486 774 526 807 et
555 769 733 819 ingratae
762 773 1009 818 premeretur
1037 778 1180 806 caseus
1209 766 1308 812 urbi,

294 826 392 864 Non
413 837 607 876 umquam
627 825 758 876 gravis
778 836 873 865 aere
892 825 1062 864 domurn
1083 824 1180 863 mihi
1200 824 1344 864 dextra
1363 823 1531 863 redibat

203 882 262 921 M.
353 882 543 928 Mirabar,
573 882 672 933 quid
703 888 858 922 maesta
886 882 999 928 deos,
1029 880 1235 932 Amarylli,
1265 892 1442 927 vocares,

293 939 368 979 Cui
398 940 579 990 pendere
607 951 682 978 sua
710 939 901 990 patereris
930 939 972 977 in
1001 938 1147 979 arbore
1175 950 1320 989 poma:

291 997 454 1047 Tityrus
485 997 580 1038 hinc
611 997 760 1037 aberat.
820 996 942 1047 Ipsae
971 1003 1023 1042 te,
1053 995 1205 1046 Tityre,
1235 996 1365 1047 pinus.

292 1054 374 1105 Ipsi
404 1060 446 1093 te
475 1055 620 1101 tontes,
651 1054 739 1105 ipsa
769 1054 871 1093 haec
900 1054 1063 1093 arbusta
1094 1053 1304 1093 vocabant.

221 1111 260 1149 73
349 1110 460 1159 Quid
491 1112 695 1150 facerem?
726 1122 861 1162 neque
890 1111 1052 1150 servitio
1082 1123 1148 1151 me
1178 1110 1287 1150 exire
1316 1111 1461 1150 licebat

291 1168 330 1206 N
334 1180 380 1206 ec
411 1175 494 1207 tam
526 1169 746 1219 praesentis
775 1168 867 1208 alibi
897 1179 1140 1219 cognoscere
1169 1168 1296 1206 divos.

292 1225 373 1264 Hic
402 1226 511 1263 illum
542 1226 623 1264 vidi
653 1226 852 1271 iuvenem,
884 1225 1099 1271 Meliboee,
1130 1226 1348 1276 quotannis

267 1347 313 1377 ²5
337 1337 480 1370 Theocr.
498 1339 631 1371 XVIII
649 1347 692 1380 30
714 1336 743 1385 ἢ
767 1337 837 1372 κάκ
892 1337 1107 1416 mastiget-m<
1154 1340 1294 1371 Nemes.
1319 1339 1354 1371 11
1373 1337 1418 1370 86
1441 1338 1471 1371 ni
1493 1338 1600 1371 modo

148 1384 315 1417 coniieras
338 1384 425 1416 inter
449 1384 591 1417 viburna
615 1394 791 1427 cupresso·
868 1384 970 1417 auliu.
1025 1384 1068 1416 ol.
1087 1385 1145 1416 XI
1163 1392 1204 1426 37
1229 1394 1355 1427 aequas
1378 1384 1521 1417 viburna
1543 1394 1599 1418 αι-

150 1430 272 1472 pressis
365 1433 411 1463 2⁶
434 1429 530 1473 Calp.
557 1430 630 1462 VII
657 1437 674 1470 7
709 1431 768 1470 (ad
790 1428 848 1471 36)
895 1430 1007 1462 Carm-
1033 1430 1177 1462 Einsidl.
1211 1431 1245 1463 Π
1275 1439 1314 1471 14
1348 1437 1384 1463 tu
1415 1430 1480 1468 die.
1510 1440 1599 1473 quae

148 1475 193 1508 sit
225 1475 287 1508 tibi
311 1485 410 1508 causa
441 1475 574 1509 tacendi
689 1485 734 1514 8⁷
758 1475 835 1508 Tib.
861 1476 878 1507 1
904 1483 936 1516 9,
961 1485 982 1517 4
1013 1485 1087 1508 sera
1111 1482 1224 1508 tamen
1249 1477 1357 1508 tacitis
1416 1477 1519 1520 Prop.
1544 1476 1599 1509 111

154 1528 206 1562 15,
231 1528 272 1564 35
306 1530 380 1555 sera
412 1526 526 1554 tamen
557 1521 818 1565 pietas—Luc.
844 1522 917 1554 VII
941 1529 1007 1563 433
1042 1521 1179 1554 libertas
1200 1546 1207 1554 .
1226 1546 1234 1553 .
1251 1531 1313 1554 nec
1344 1522 1480 1565 respicit
1511 1522 1599 1556 ultn

147 1566 338 1601 Ausoniam
393 1566 534 1600 Tertull.
558 1567 633 1599 adv.
659 1567 765 1600 Marc.
791 1567 827 1599 11
853 1566 895 1599 28
918 1577 1024 1609 genus
1048 1566 1232 1601 humanum
1258 1574 1327 1600 tam
1351 1578 1427 1601 sero
1451 1568 1599 1611 respexit

147 1614 193 1647 ⁸8
224 1613 278 1653 (ι-
292 1612 422 1656 Symm.
455 1613 510 1645 IV
546 1612 598 1651 18,
634 1615 664 1653 2)
697 1613 769 1646 11111.
802 1614 819 1646 1
854 1620 894 1655 25
927 1623 997 1656 quo
1030 1613 1192 1646 tondente
1222 1614 1333 1656 gravis
1365 1614 1480 1646 iuveni
1511 1613 1598 1647 mihi

148 1658 253 1692 barba
275 1658 418 1691 sonabat
452 1670 454 1672 ·
510 1668 557 1698 ιο
579 1658 664 1691 Stat.
690 1669 716 1691 s.
741 1659 795 1692 IV
823 1667 853 1698 2,
879 1661 923 1701 04
954 1658 1056 1701 longo
1080 1666 1157 1702 post
1183 1668 1335 1702 tempore
1358 1659 1463 1698 venit,
1495 1662 1598 1703 infra

148 1702 190 1745 67
238 1706 328 1738 Aen.
355 1705 408 1737 VI
439 1712 506 1747 409
553 1704 640 1737 Ciris
666 1711 709 1746 74
762 1704 828 1738 Ov.
864 1715 909 1737 111.
943 1705 1028 1745 (VII
1053 1707 1133 1747 494)
1167 1706 1223 1738 IX
1250 1713 1316 1748 §70
1345 1706 1384 1738 X
1415 1705 1478 1737 180
1501 1706 1598 1739 XIV

148 1748 214 1782 218
262 1749 347 1783 Stat.
365 1749 431 1783 Th.
448 1751 503 1783 III
530 1758 589 1792 501
607 1750 662 1783 VI
691 1759 750 1783 121
780 1751 838 1783 XI
856 1759 941 1792 394:
967 1749 1033 1793 605
1084 1751 1223 1784 Damas.
1250 1752 1375 1784 XLIV
1396 1760 1414 1783 2
1462 1752 1596 1785 Ριιιὶίιι.

146 1795 228 1828 Nol.
245 1795 401 1828 XXVII
422 1796 486 1838 184
533 1795 692 1839 Cyprian.
710 1796 798 1829 Gall.
821 1796 907 1830 Gen.
938 1804 1021 1840 1315
1116 1806 1156 1836 ³¹
1185 1797 1295 1830 Catal-
1319 1798 1377 1830 IX
1407 1805 1443 1830 11
1494 1797 1595 1831 Com·

146 1841 294 1875 modian.
319 1841 412 1874 instr.
437 1842 474 1874 Π
499 1841 531 1880 8,
556 1840 577 1874 8
624 1852 771 1885 namque
789 1842 922 1875 fatebor
937 1843 1028 1876 enim
1075 1845 1165 1876 Aen.
1185 1844 1238 1875 IV
1258 1851 1301 1876 20
1325 1844 1487 1876 Dnoom.
1504 1843 1596 1877 laud.

146 1886 201 1920 111
235 1885 299 1929 567
334 1887 469 1920 fatebor
502 1888 592 1919 enim
663 1897 708 1927 ³¹
732 1887 843 1921 Plaut.
869 1887 975 1921 Stich.
1002 1896 1064 1931 751
1100 1889 1236 1932 vapulat
1268 1889 1450 1932 peculium,
1481 1896 1596 1922 aetum

145 1939 207 1971 est,
232 1932 318 1975 fugit
341 1932 406 1966 hoc
430 1933 567 1965 libertas
585 1939 685 1976 caput
731 1934 819 1966 Hor.
836 1944 866 1966 a.
884 1944 916 1977 p.
935 1942 1004 1976 330
1026 1941 1061 1967 et
1084 1945 1163 1967 cun
1186 1935 1296 1977 peculi
1390 1944 1435 1974 ²³
1458 1935 1595 1969 Ennod.

143 1988 171 2011 c.
198 1979 215 2011 I
241 1978 274 2017 8,
300 1979 400 2020 27H.
427 1979 534 2011 fumat
566 1979 628 2012 tibi
665 1979 799 2012 victima
835 1980 970 2023 pinguis
1079 1989 1124 2019 34
1149 1981 1245 2023 Calp.
1271 1982 1306 2013 11
1333 1989 1377 2021 70
1401 1991 1461 2024 per
1485 1987 1595 2015 tomm

142 2023 260 2057 niveus
284 2025 447 2068 premitur
470 2024 554 2057 mihi
578 2035 694 2058 caseus
718 2035 842 2058 annum
890 2026 1014 2059 Avien.
1031 2037 1079 2060 or.
1104 2026 1169 2068 487
1196 2027 1282 2060 lacte
1298 2050 1306 2058 .
1325 2051 1334 2058 .
1350 2033 1453 2070 atque
1477 2027 1594 2070 pingui

143 2079 242 2103 caseo
349 2079 394 2110 35
418 2071 591 2104 Moretum
617 2071 661 2103 80
691 2071 770 2104 inde
793 2071 932 2104 domum
957 2073 1085 2105 cervice
1109 2072 1204 2111 levis,
1227 2073 1337 2114 gravis
1360 2083 1438 2105 aere
1461 2073 1594 2107 redibat

142 2115 255 2159 Priap.
272 2116 309 2149 11
330 2125 370 2148 12
394 2127 427 2160 p.
450 2117 512 2150 128
530 2117 598 2149 Vo.
622 2118 775 2160 meisque
791 2118 923 2160 pinguis
939 2128 1045 2160 agnus
1066 2128 1107 2150 ex
1123 2118 1269 2151 ovilibus
1291 2129 1426 2161 gravem
1451 2119 1593 2152 domum

142 2161 284 2195 remittit
314 2172 392 2195 aere
422 2163 593 2195 dexteram
651 2163 783 2196 Colum.
808 2164 848 2196 X
872 2171 940 2205 310
963 2174 1039 2196 aere
1062 2164 1154 2197 sinus
1177 2165 1310 2206 gerulus
1340 2165 1458 2208 plenos
1482 2166 1593 2206 gravis

143 2207 228 2240 urbe
250 2213 398 2251 reportet
452 2209 584 2242 Paulin.
610 2209 691 2241 Nol.
717 2209 848 2241 XVIII
874 2218 915 2252 41
941 2219 1019 2242 aere
1041 2211 1150 2252 gravis
1174 2211 1267 2243 sinus
1322 2210 1430 2244 Anth.
1454 2211 1512 2243 lat.
1540 2219 1595 2249 21.

144 2251 188 2294 64
219 2262 296 2286 aere
327 2254 436 2296 gravis
541 2257 587 2294 ³⁶
610 2255 712 2297 Prop.
748 2255 802 2287 111
842 2263 893 2294 10,
934 2266 946 2289 1
985 2256 1141 2294 mirabar,
1178 2257 1260 2298 quid
1354 2257 1450 2300 Calp.
1475 2257 1547 2289 VII
1573 2265 1591 2297 7

141 2298 298 2338 mirabar,
322 2309 410 2342 quae
434 2305 527 2333 tanta
550 2301 638 2334 foret
663 2301 725 2333 tibi
749 2311 850 2334 eausa
866 2301 1020 2334 morandi
1044 2301 1115 2344 (vd.
1135 2301 1189 2342 26)
1237 2311 1281 2341 37
1307 2303 1378 2334 VII
1406 2311 1448 2344 54
1495 2302 1591 2346 Calp.

142 2343 177 2376 11
212 2351 252 2384 72
286 2346 349 2378 sub
382 2346 502 2378 arbore
534 2352 647 2379 nostra
682 2357 782 2389 poma
887 2349 932 2386 38
954 2358 1004 2391 sq.
1029 2347 1084 2379 VI
1106 2356 1146 2379 10
1192 2348 1282 2380 Bion
1306 2350 1322 2380 Ι
1355 2356 1398 2390 32
1458 2347 1591 2382 Mosen.

124 2389 195 2422 >111
229 2398 270 2432 23
318 2391 458 2424 Nemes.
483 2392 501 2424 Ι
528 2399 569 2432 72
596 2398 629 2425 te
652 2392 821 2436 platanuS,
847 2393 1028 2431 Meliboee,
1061 2400 1220 2432 susurrat,
1246 2400 1279 2426 te
1303 2395 1420 2436 pinus:
1450 2394 1592 2428 reboant

141 2439 191 2467 te.
203 2460 211 2467 .
222 2435 337 2476 silvae,
354 2442 388 2469 te
404 2443 520 2471 nostra
535 2438 671 2471 arbusta
685 2439 725 2478 (1)
739 2439 894 2471 locuntur
917 2439 1028 2471 Rutil.
1042 2439 1059 2471 1
1074 2447 1113 2480 31
1134 2440 1199 2482 ipsi
1216 2441 1299 2483 quin
1312 2440 1414 2472 etiam
1432 2441 1546 2473 fontes
1559 2465 1568 2472 .
1581 2463 1590 2472 .

140 2480 282 2525 ipsaque
305 2483 334 2515 si
359 2490 501 2526 possent
524 2484 642 2517 arbuta
666 2491 781 2516 nostra
805 2484 899 2527 loqui
990 2494 1038 2523 4ο
1060 2485 1133 2517 VII
1162 2494 1202 2527 14
1231 2489 1273 2528 (g.
1291 2487 1345 2518 IV
1371 2493 1436 2528 504
1460 2488 1507 2520 Α.
1532 2487 1591 2519 IX

139 2528 218 2568 399)
274 2528 339 2562 Ov.
365 2534 405 2561 tr.
438 2530 455 2561 1
492 2537 524 2571 3,
549 2539 594 2571 49
641 2530 716 2562 tv
741 2538 806 2572 313
841 2531 906 2570 <VI
935 2539 998 2572 149
1030 2531 1113 2572 eleg.
1148 2532 1183 2563 in
1219 2532 1329 2565 Maec.
1364 2533 1382 2564 1
1419 2534 1474 2574 39)
1507 2532 1592 2575 quid

140 2572 540 2608 fmerem?—Ambros.
565 2585 618 2618 ep.
644 2576 840 2608 XXXVII
859 2585 901 2618 ²4
925 2582 964 2609 ut
987 2577 1124 2609 servitio
1147 2578 1179 2609 ei
1203 2578 1301 2611 lioent
1323 2578 1414 2610 exire
1460 2581 1527 2622 csr.
1548 2578 1592 2610 de

138 2618 240 2652 Iacob
271 2620 307 2652 11
332 2628 364 2662 3,
394 2629 432 2653 12
481 2621 525 2654 de
549 2621 675 2664 Ioseph
707 2623 760 2654 IV
790 2631 830 2662 19
863 2623 953 2654 Hex.
979 2623 1014 2655 V
1053 2631 1103 2665 14,
1136 2632 1180 2664 49
1228 2624 1271 2656 de
1304 2624 1366 2656 off.
1400 2625 1453 2656 111
1487 2624 1518 2662 8,
1546 2631 1587 2666 53

138 2663 182 2697 de
205 2663 291 2699 Cain
314 2667 351 2698 II
377 2675 407 2705 2,
433 2675 454 2707 9
494 2677 610 2710 expos.
636 2668 756 2710 psalm.
787 2667 850 2700 118
875 2669 929 2701 ΙΠ
956 2676 1011 2709 27,
1040 2678 1052 2700 1

1624 266 1658 292 25

1618 837 1652 865 35

1620 1123 1653 1148 4ο
