<?xml version="1.0" encoding="UTF-8"?>
<!DOCTYPE html PUBLIC "-//W3C//DTD XHTML 1.0 Transitional//EN"
    "http://www.w3.org/TR/xhtml1/DTD/xhtml1-transitional.dtd">
<html xmlns="http://www.w3.org/1999/xhtml" xml:lang="en" lang="en">
 <head>
  <title>
</title>
<meta http-equiv="Content-Type" content="text/html;charset=utf-8" />
  <meta name='ocr-system' content='tesseract 3.04.00' />
  <meta name='ocr-capabilities' content='ocr_page ocr_carea ocr_par ocr_line ocrx_word'/>
</head>
<body>
  <div class='ocr_page' id='page_1' title='image "./pvergilimaronisb00virg/pvergilimaronisb00virg_0025.png"; bbox 0 0 1812 2886; ppageno 0'>
   <div class='ocr_carea' id='block_1_1' title="bbox 129 145 1568 185">
    <p class='ocr_par' dir='ltr' id='par_1_1' title="bbox 129 145 1568 185">
     <span class='ocr_line' id='line_1_1' title="bbox 129 145 1568 185; baseline 0.01 -14"><span class='ocrx_word' id='word_1_1' title='bbox 129 145 185 177; x_wconf 89' lang='lat'><strong>111</strong></span> <span class='ocrx_word' id='word_1_2' title='bbox 771 153 957 179; x_wconf 61' lang='lat' dir='ltr'><strong>nvoomca</strong></span> <span class='ocrx_word' id='word_1_3' title='bbox 1521 157 1542 185; x_wconf 90' lang='lat'><em>2</em></span> <span class='ocrx_word' id='word_1_4' title='bbox 1554 158 1568 185; x_wconf 89' lang='lat'>1</span> 
     </span>
    </p>
   </div>
   <div class='ocr_carea' id='block_1_2' title="bbox 177 261 1573 885">
    <p class='ocr_par' dir='ltr' id='par_1_2' title="bbox 273 261 1388 312">
     <span class='ocr_line' id='line_1_2' title="bbox 273 261 1388 312; baseline 0.001 -13"><span class='ocrx_word' id='word_1_5' title='bbox 273 261 388 300; x_wconf 89' lang='lat' dir='ltr'>Idem</span> <span class='ocrx_word' id='word_1_6' title='bbox 419 273 534 300; x_wconf 88' lang='lat' dir='ltr'><strong>amor</strong></span> <span class='ocrx_word' id='word_1_7' title='bbox 563 261 727 300; x_wconf 85' lang='lat' dir='ltr'><strong>exitium</strong></span> <span class='ocrx_word' id='word_1_8' title='bbox 757 262 893 312; x_wconf 90' lang='lat' dir='ltr'><strong>pecori</strong></span> <span class='ocrx_word' id='word_1_9' title='bbox 922 261 1160 312; x_wconf 80' lang='lat' dir='ltr'>pecorisque</span> <span class='ocrx_word' id='word_1_10' title='bbox 1189 261 1388 312; x_wconf 85' lang='lat' dir='ltr'><strong>magistro.</strong></span> 
     </span>
    </p>

    <p class='ocr_par' dir='ltr' id='par_1_3' title="bbox 177 318 1573 427">
     <span class='ocr_line' id='line_1_3' title="bbox 177 318 1573 368; baseline 0 -12"><span class='ocrx_word' id='word_1_11' title='bbox 177 318 236 356; x_wconf 89' lang='lat' dir='ltr'><strong>M.</strong></span> <span class='ocrx_word' id='word_1_12' title='bbox 326 318 404 358; x_wconf 87' lang='lat' dir='ltr'><strong>His</strong></span> <span class='ocrx_word' id='word_1_13' title='bbox 423 324 531 357; x_wconf 87' lang='lat' dir='ltr'><strong>certe</strong></span> <span class='ocrx_word' id='word_1_14' title='bbox 551 330 684 368; x_wconf 87' lang='lat' dir='ltr'><strong>neque</strong></span> <span class='ocrx_word' id='word_1_15' title='bbox 703 330 819 358; x_wconf 85' lang='lat' dir='ltr'><strong>amor</strong></span> <span class='ocrx_word' id='word_1_16' title='bbox 847 330 968 358; x_wconf 88' lang='lat' dir='ltr'><strong>causa</strong></span> <span class='ocrx_word' id='word_1_17' title='bbox 998 324 1079 358; x_wconf 78' lang='lat' dir='ltr'><strong>est:</strong></span> <span class='ocrx_word' id='word_1_18' title='bbox 1111 319 1177 357; x_wconf 85' lang='lat' dir='ltr'><strong>vix</strong></span> <span class='ocrx_word' id='word_1_19' title='bbox 1206 318 1363 358; x_wconf 77' lang='lat' dir='ltr'><strong>ossibus</strong></span> <span class='ocrx_word' id='word_1_20' title='bbox 1392 319 1573 358; x_wconf 82' lang='lat' dir='ltr'>haerent.</span> 
     </span>
     <span class='ocr_line' id='line_1_4' title="bbox 268 375 1391 427; baseline 0.002 -14"><span class='ocrx_word' id='word_1_21' title='bbox 268 375 418 415; x_wconf 86' lang='lat' dir='ltr'><strong>Nescio</strong></span> <span class='ocrx_word' id='word_1_22' title='bbox 448 376 538 426; x_wconf 85' lang='lat' dir='ltr'><strong>quis</strong></span> <span class='ocrx_word' id='word_1_23' title='bbox 566 382 728 414; x_wconf 86' lang='lat' dir='ltr'><strong>teneros</strong></span> <span class='ocrx_word' id='word_1_24' title='bbox 758 376 898 415; x_wconf 85' lang='lat' dir='ltr'><strong>oculus</strong></span> <span class='ocrx_word' id='word_1_25' title='bbox 927 376 1025 414; x_wconf 86' lang='lat' dir='ltr'><strong>mihi</strong></span> <span class='ocrx_word' id='word_1_26' title='bbox 1055 376 1226 415; x_wconf 76' lang='lat' dir='ltr'><strong>fascinat</strong></span> <span class='ocrx_word' id='word_1_27' title='bbox 1253 387 1391 427; x_wconf 75' lang='lat' dir='ltr'><strong>agnos.</strong></span> 
     </span>
    </p>

    <p class='ocr_par' dir='ltr' id='par_1_4' title="bbox 192 432 1573 541">
     <span class='ocr_line' id='line_1_5' title="bbox 192 432 1573 485; baseline 0.002 -15"><span class='ocrx_word' id='word_1_28' title='bbox 192 433 239 470; x_wconf 90' lang='lat' dir='ltr'><strong>D.</strong></span> <span class='ocrx_word' id='word_1_29' title='bbox 329 432 416 479; x_wconf 87' lang='lat' dir='ltr'><strong>Dic,</strong></span> <span class='ocrx_word' id='word_1_30' title='bbox 446 433 592 483; x_wconf 86' lang='lat' dir='ltr'><strong>quibus</strong></span> <span class='ocrx_word' id='word_1_31' title='bbox 611 433 653 471; x_wconf 91' lang='lat' dir='ltr'><strong>in</strong></span> <span class='ocrx_word' id='word_1_32' title='bbox 674 433 786 472; x_wconf 86' lang='lat' dir='ltr'><strong>terris</strong></span> <span class='ocrx_word' id='word_1_33' title='bbox 807 455 862 461; x_wconf 90' lang='lat'>—</span> <span class='ocrx_word' id='word_1_34' title='bbox 883 438 924 472; x_wconf 91' lang='lat' dir='ltr'><strong>et</strong></span> <span class='ocrx_word' id='word_1_35' title='bbox 944 434 1021 472; x_wconf 85' lang='lat' dir='ltr'><strong>eris</strong></span> <span class='ocrx_word' id='word_1_36' title='bbox 1041 433 1139 471; x_wconf 86' lang='lat' dir='ltr'><strong>mihi</strong></span> <span class='ocrx_word' id='word_1_37' title='bbox 1158 445 1327 484; x_wconf 82' lang='lat' dir='ltr'><strong>magnus</strong></span> <span class='ocrx_word' id='word_1_38' title='bbox 1347 433 1497 485; x_wconf 77' lang='lat' dir='ltr'>Apollo</span> <span class='ocrx_word' id='word_1_39' title='bbox 1518 457 1573 463; x_wconf 90' lang='lat'>-</span> 
     </span>
     <span class='ocr_line' id='line_1_6' title="bbox 266 490 1330 541; baseline 0 -13"><span class='ocrx_word' id='word_1_40' title='bbox 266 490 356 528; x_wconf 87' lang='lat' dir='ltr'><strong>Tris</strong></span> <span class='ocrx_word' id='word_1_41' title='bbox 385 495 525 541; x_wconf 86' lang='lat' dir='ltr'><strong>pateat</strong></span> <span class='ocrx_word' id='word_1_42' title='bbox 553 490 652 529; x_wconf 69' lang='lat' dir='ltr'><strong>meli</strong></span> <span class='ocrx_word' id='word_1_43' title='bbox 681 490 857 541; x_wconf 84' lang='lat' dir='ltr'><strong>spatium</strong></span> <span class='ocrx_word' id='word_1_44' title='bbox 887 503 971 529; x_wconf 91' lang='lat' dir='ltr'><strong>non</strong></span> <span class='ocrx_word' id='word_1_45' title='bbox 1002 490 1174 541; x_wconf 82' lang='lat' dir='ltr'><strong>amplius</strong></span> <span class='ocrx_word' id='word_1_46' title='bbox 1204 490 1330 530; x_wconf 87' lang='lat' dir='ltr'><strong>ulnas.</strong></span> 
     </span>
    </p>

    <p class='ocr_par' dir='ltr' id='par_1_5' title="bbox 178 547 1370 655">
     <span class='ocr_line' id='line_1_7' title="bbox 178 547 1370 599; baseline 0.002 -14"><span class='ocrx_word' id='word_1_47' title='bbox 178 547 237 585; x_wconf 90' lang='lat' dir='ltr'><strong>M.</strong></span> <span class='ocrx_word' id='word_1_48' title='bbox 326 547 413 593; x_wconf 87' lang='lat' dir='ltr'><strong>Dic,</strong></span> <span class='ocrx_word' id='word_1_49' title='bbox 444 548 588 598; x_wconf 86' lang='lat' dir='ltr'><strong>quibus</strong></span> <span class='ocrx_word' id='word_1_50' title='bbox 617 547 659 585; x_wconf 87' lang='lat' dir='ltr'><strong>in</strong></span> <span class='ocrx_word' id='word_1_51' title='bbox 688 548 801 587; x_wconf 79' lang='lat' dir='ltr'><strong>terris</strong></span> <span class='ocrx_word' id='word_1_52' title='bbox 830 547 1007 598; x_wconf 80' lang='lat' dir='ltr'><strong>inscripti</strong></span> <span class='ocrx_word' id='word_1_53' title='bbox 1037 548 1204 587; x_wconf 85' lang='lat' dir='ltr'><strong>nomina</strong></span> <span class='ocrx_word' id='word_1_54' title='bbox 1233 560 1370 599; x_wconf 80' lang='lat' dir='ltr'><strong>regum</strong></span> 
     </span>
     <span class='ocr_line' id='line_1_8' title="bbox 269 604 1274 655; baseline 0.002 -13"><span class='ocrx_word' id='word_1_55' title='bbox 269 604 497 644; x_wconf 84' lang='lat' dir='ltr'><strong>Nascantur</strong></span> <span class='ocrx_word' id='word_1_56' title='bbox 526 604 657 651; x_wconf 81' lang='lat' dir='ltr'><strong>flores,</strong></span> <span class='ocrx_word' id='word_1_57' title='bbox 689 610 729 643; x_wconf 87' lang='lat' dir='ltr'><strong>et</strong></span> <span class='ocrx_word' id='word_1_58' title='bbox 759 604 945 655; x_wconf 85' lang='lat' dir='ltr'><strong>Phyllida</strong></span> <span class='ocrx_word' id='word_1_59' title='bbox 974 605 1084 644; x_wconf 80' lang='lat' dir='ltr'><strong>solus</strong></span> <span class='ocrx_word' id='word_1_60' title='bbox 1114 605 1274 644; x_wconf 83' lang='lat' dir='ltr'><strong>habeto.</strong></span> 
     </span>
    </p>

    <p class='ocr_par' dir='ltr' id='par_1_6' title="bbox 198 661 1447 885">
     <span class='ocr_line' id='line_1_9' title="bbox 198 661 1447 713; baseline 0.002 -14"><span class='ocrx_word' id='word_1_61' title='bbox 198 661 240 699; x_wconf 89' lang='lat' dir='ltr'><strong>P.</strong></span> <span class='ocrx_word' id='word_1_62' title='bbox 330 661 427 700; x_wconf 91' lang='lat' dir='ltr'><strong>Non</strong></span> <span class='ocrx_word' id='word_1_63' title='bbox 456 667 638 701; x_wconf 86' lang='lat' dir='ltr'><strong>nostrum</strong></span> <span class='ocrx_word' id='word_1_64' title='bbox 667 662 771 701; x_wconf 87' lang='lat' dir='ltr'><strong>inter</strong></span> <span class='ocrx_word' id='word_1_65' title='bbox 800 674 872 701; x_wconf 85' lang='lat' dir='ltr'><strong>vos</strong></span> <span class='ocrx_word' id='word_1_66' title='bbox 901 667 1034 701; x_wconf 83' lang='lat' dir='ltr'><strong>tantas</strong></span> <span class='ocrx_word' id='word_1_67' title='bbox 1063 673 1311 713; x_wconf 85' lang='lat' dir='ltr'><strong>componere</strong></span> <span class='ocrx_word' id='word_1_68' title='bbox 1340 662 1447 701; x_wconf 82' lang='lat' dir='ltr'><strong>lites:</strong></span> 
     </span>
     <span class='ocr_line' id='line_1_10' title="bbox 268 718 1364 770; baseline 0.002 -14"><span class='ocrx_word' id='word_1_69' title='bbox 268 718 319 757; x_wconf 88' lang='lat' dir='ltr'><strong>Et</strong></span> <span class='ocrx_word' id='word_1_70' title='bbox 350 719 471 758; x_wconf 90' lang='lat' dir='ltr'><strong>vitula</strong></span> <span class='ocrx_word' id='word_1_71' title='bbox 499 724 542 757; x_wconf 90' lang='lat' dir='ltr'><strong>tu</strong></span> <span class='ocrx_word' id='word_1_72' title='bbox 574 719 718 770; x_wconf 86' lang='lat' dir='ltr'><strong>dignus</strong></span> <span class='ocrx_word' id='word_1_73' title='bbox 749 725 788 758; x_wconf 87' lang='lat' dir='ltr'><strong>et</strong></span> <span class='ocrx_word' id='word_1_74' title='bbox 819 719 894 764; x_wconf 89' lang='lat' dir='ltr'><strong>hic,</strong></span> <span class='ocrx_word' id='word_1_75' title='bbox 926 725 966 758; x_wconf 88' lang='lat' dir='ltr'><strong>et</strong></span> <span class='ocrx_word' id='word_1_76' title='bbox 996 719 1175 770; x_wconf 82' lang='lat' dir='ltr'><strong>quisquis</strong></span> <span class='ocrx_word' id='word_1_77' title='bbox 1204 731 1364 759; x_wconf 77' lang='lat' dir='ltr'><strong>amores</strong></span> 
     </span>
     <span class='ocr_line' id='line_1_11' title="bbox 270 775 1245 827; baseline 0.001 -13"><span class='ocrx_word' id='word_1_78' title='bbox 270 775 353 814; x_wconf 90' lang='lat' dir='ltr'><strong>Aut</strong></span> <span class='ocrx_word' id='word_1_79' title='bbox 383 782 535 815; x_wconf 86' lang='lat' dir='ltr'><strong>metuet</strong></span> <span class='ocrx_word' id='word_1_80' title='bbox 565 776 692 815; x_wconf 84' lang='lat' dir='ltr'><strong>dulcis</strong></span> <span class='ocrx_word' id='word_1_81' title='bbox 721 783 791 815; x_wconf 88' lang='lat' dir='ltr'><strong>aut</strong></span> <span class='ocrx_word' id='word_1_82' title='bbox 821 777 1047 827; x_wconf 86' lang='lat' dir='ltr'><strong>experietur</strong></span> <span class='ocrx_word' id='word_1_83' title='bbox 1075 788 1245 817; x_wconf 72' lang='lat' dir='ltr'><strong>amaros.</strong></span> 
     </span>
     <span class='ocr_line' id='line_1_12' title="bbox 272 832 1341 885; baseline 0.002 -14"><span class='ocrx_word' id='word_1_84' title='bbox 272 832 456 872; x_wconf 86' lang='lat' dir='ltr'><strong>Claudite</strong></span> <span class='ocrx_word' id='word_1_85' title='bbox 485 834 566 872; x_wconf 87' lang='lat' dir='ltr'><strong>iam</strong></span> <span class='ocrx_word' id='word_1_86' title='bbox 596 834 712 880; x_wconf 87' lang='lat' dir='ltr'><strong>rivos,</strong></span> <span class='ocrx_word' id='word_1_87' title='bbox 742 834 876 885; x_wconf 86' lang='lat' dir='ltr'><strong>pueri:</strong></span> <span class='ocrx_word' id='word_1_88' title='bbox 907 840 969 872; x_wconf 83' lang='lat' dir='ltr'><strong>sat</strong></span> <span class='ocrx_word' id='word_1_89' title='bbox 999 839 1114 885; x_wconf 64' lang='lat' dir='ltr'><strong>pram</strong></span> <span class='ocrx_word' id='word_1_90' title='bbox 1143 834 1341 873; x_wconf 87' lang='lat' dir='ltr'><strong>biberunt.</strong></span> 
     </span>
    </p>
   </div>
   <div class='ocr_carea' id='block_1_3' title="bbox 131 913 405 917">
    <p class='ocr_par' dir='ltr' id='par_1_7' title="bbox 131 913 405 917">
     <span class='ocr_line' id='line_1_13' title="bbox 131 913 405 917; baseline 0 0"><span class='ocrx_word' id='word_1_91' title='bbox 131 913 405 917; x_wconf 95' lang='lat' dir='ltr'><strong> </strong></span> 
     </span>
    </p>
   </div>
   <div class='ocr_carea' id='block_1_4' title="bbox 129 956 1576 1227">
    <p class='ocr_par' dir='ltr' id='par_1_8' title="bbox 129 956 1576 1227">
     <span class='ocr_line' id='line_1_14' title="bbox 249 956 1573 1001; baseline 0.002 -12"><span class='ocrx_word' id='word_1_92' title='bbox 249 965 307 989; x_wconf 87' lang='grc' dir='ltr'><strong>ιοι</strong></span> <span class='ocrx_word' id='word_1_93' title='bbox 337 957 476 990; x_wconf 81' lang='lat' dir='ltr'><strong>exitium</strong></span> <span class='ocrx_word' id='word_1_94' title='bbox 509 963 561 990; x_wconf 84' lang='lat' dir='ltr'><strong>est</strong></span> <span class='ocrx_word' id='word_1_95' title='bbox 583 959 618 991; x_wconf 89' lang='lat' dir='ltr'><em>R</em></span> <span class='ocrx_word' id='word_1_96' title='bbox 711 967 775 991; x_wconf 72' lang='grc' dir='ltr'><strong>ιω</strong></span> <span class='ocrx_word' id='word_1_97' title='bbox 801 958 867 990; x_wconf 81' lang='lat' dir='ltr'><strong>His</strong></span> <span class='ocrx_word' id='word_1_98' title='bbox 890 956 950 1000; x_wconf 63' lang='grc' dir='ltr'><strong>(ε</strong></span> <span class='ocrx_word' id='word_1_99' title='bbox 964 958 1029 1000; x_wconf 80' lang='lat' dir='ltr'><strong>Hi)</strong></span> <span class='ocrx_word' id='word_1_100' title='bbox 1052 964 1141 991; x_wconf 76' lang='lat' dir='ltr'><strong>eene</strong></span> <span class='ocrx_word' id='word_1_101' title='bbox 1166 975 1208 982; x_wconf 92' lang='lat'><strong>—</strong></span> <span class='ocrx_word' id='word_1_102' title='bbox 1233 968 1343 1001; x_wconf 84' lang='lat' dir='ltr'><strong>neque</strong></span> <span class='ocrx_word' id='word_1_103' title='bbox 1366 968 1396 990; x_wconf 77' lang='lat' dir='ltr'><strong>a.</strong></span> <span class='ocrx_word' id='word_1_104' title='bbox 1421 968 1449 991; x_wconf 89' lang='lat' dir='ltr'><strong>c.</strong></span> <span class='ocrx_word' id='word_1_105' title='bbox 1474 969 1504 991; x_wconf 85' lang='lat' dir='ltr'><strong>e.</strong></span> <span class='ocrx_word' id='word_1_106' title='bbox 1530 977 1573 983; x_wconf 89' lang='lat'>—</span> 
     </span>
     <span class='ocr_line' id='line_1_15' title="bbox 131 1003 1574 1049; baseline 0.003 -15"><span class='ocrx_word' id='word_1_107' title='bbox 131 1003 292 1035; x_wconf 79' lang='lat' dir='ltr'><strong>Donatus</strong></span> <span class='ocrx_word' id='word_1_108' title='bbox 314 1004 388 1035; x_wconf 85' lang='lat' dir='ltr'><strong>Ter.</strong></span> <span class='ocrx_word' id='word_1_109' title='bbox 405 1014 482 1036; x_wconf 85' lang='lat' dir='ltr'><strong>eun.</strong></span> <span class='ocrx_word' id='word_1_110' title='bbox 499 1005 570 1044; x_wconf 80' lang='lat'><strong>269</strong></span> <span class='ocrx_word' id='word_1_111' title='bbox 594 1003 700 1036; x_wconf 76' lang='lat' dir='ltr'><strong>Hisce</strong></span> <span class='ocrx_word' id='word_1_112' title='bbox 715 1008 810 1036; x_wconf 78' lang='lat' dir='ltr'><strong>cutes</strong></span> <span class='ocrx_word' id='word_1_113' title='bbox 829 1003 995 1037; x_wconf 78' lang='lat' dir='ltr'><strong>C&#39;artoeult</strong></span> <span class='ocrx_word' id='word_1_114' title='bbox 1089 1012 1152 1043; x_wconf 79' lang='lat'><strong>¹⁰¹1</strong></span> <span class='ocrx_word' id='word_1_115' title='bbox 1176 1010 1357 1036; x_wconf 75' lang='lat' dir='ltr'><strong>nascuntur</strong></span> <span class='ocrx_word' id='word_1_116' title='bbox 1373 1015 1391 1044; x_wconf 85' lang='grc' dir='ltr'>ς</span> <span class='ocrx_word' id='word_1_117' title='bbox 1411 1005 1574 1049; x_wconf 67' lang='lat' dir='ltr'><strong>Pkilarg.</strong></span> 
     </span>
     <span class='ocr_line' id='line_1_16' title="bbox 131 1049 1576 1091; baseline 0.002 -11"><span class='ocrx_word' id='word_1_118' title='bbox 131 1049 174 1080; x_wconf 91' lang='lat' dir='ltr'><strong>II</strong></span> <span class='ocrx_word' id='word_1_119' title='bbox 191 1049 292 1081; x_wconf 76' lang='lat' dir='ltr'><strong>Pmb.</strong></span> <span class='ocrx_word' id='word_1_120' title='bbox 320 1050 424 1081; x_wconf 86' lang='lat' dir='ltr'><strong>GLK</strong></span> <span class='ocrx_word' id='word_1_121' title='bbox 440 1050 501 1082; x_wconf 90' lang='lat' dir='ltr'><strong>IV</strong></span> <span class='ocrx_word' id='word_1_122' title='bbox 515 1059 583 1088; x_wconf 79' lang='lat'><strong>213,</strong></span> <span class='ocrx_word' id='word_1_123' title='bbox 607 1059 649 1082; x_wconf 85' lang='lat'><strong>20</strong></span> <span class='ocrx_word' id='word_1_124' title='bbox 759 1052 825 1082; x_wconf 73' lang='lat'><strong>¹00</strong></span> <span class='ocrx_word' id='word_1_125' title='bbox 848 1050 946 1083; x_wconf 84' lang='lat' dir='ltr'><strong>Non:</strong></span> <span class='ocrx_word' id='word_1_126' title='bbox 971 1055 1122 1082; x_wconf 75' lang='lat' dir='ltr'><strong>nostrum</strong></span> <span class='ocrx_word' id='word_1_127' title='bbox 1145 1051 1225 1083; x_wconf 78' lang='lat' dir='ltr'><strong>dist.</strong></span> <span class='ocrx_word' id='word_1_128' title='bbox 1253 1051 1351 1082; x_wconf 77' lang='lat' dir='ltr'><strong>Serv.</strong></span> <span class='ocrx_word' id='word_1_129' title='bbox 1449 1059 1515 1091; x_wconf 66' lang='grc' dir='ltr'><strong>ιο.</strong></span> <span class='ocrx_word' id='word_1_130' title='bbox 1537 1056 1576 1083; x_wconf 90' lang='lat' dir='ltr'><strong>ut</strong></span> 
     </span>
     <span class='ocr_line' id='line_1_17' title="bbox 129 1094 1576 1137; baseline 0.002 -10"><span class='ocrx_word' id='word_1_131' title='bbox 129 1094 205 1136; x_wconf 86' lang='lat' dir='ltr'><strong>quis</strong></span> <span class='ocrx_word' id='word_1_132' title='bbox 241 1094 316 1137; x_wconf 83' lang='lat' dir='ltr'><strong>quis</strong></span> <span class='ocrx_word' id='word_1_133' title='bbox 352 1096 440 1128; x_wconf 76' lang='lat' dir='ltr'><strong>Rasz·</strong></span> <span class='ocrx_word' id='word_1_134' title='bbox 543 1103 610 1127; x_wconf 86' lang='grc' dir='ltr'><strong>ιιο</strong></span> <span class='ocrx_word' id='word_1_135' title='bbox 634 1095 714 1128; x_wconf 77' lang='lat' dir='ltr'><strong>Hau</strong></span> <span class='ocrx_word' id='word_1_136' title='bbox 751 1100 879 1128; x_wconf 85' lang='lat' dir='ltr'><strong>temnet</strong></span> <span class='ocrx_word' id='word_1_137' title='bbox 914 1095 961 1134; x_wconf 77' lang='lat' dir='ltr'><strong>d..</strong></span> <span class='ocrx_word' id='word_1_138' title='bbox 996 1094 1079 1128; x_wconf 68' lang='lat' dir='ltr'><strong>haut</strong></span> <span class='ocrx_word' id='word_1_139' title='bbox 1117 1096 1258 1128; x_wconf 66' lang='lat' dir='ltr'><strong>Ruzbeck</strong></span> <span class='ocrx_word' id='word_1_140' title='bbox 1292 1102 1434 1133; x_wconf 84' lang='lat' dir='ltr'><strong>metuet.</strong></span> <span class='ocrx_word' id='word_1_141' title='bbox 1469 1096 1576 1130; x_wconf 83' lang='lat' dir='ltr'><strong>dulcis</strong></span> 
     </span>
     <span class='ocr_line' id='line_1_18' title="bbox 138 1139 1575 1183; baseline 0.003 -12"><span class='ocrx_word' id='word_1_142' title='bbox 138 1141 289 1183; x_wconf 76' lang='lat' dir='ltr'><strong>Wagner</strong></span> <span class='ocrx_word' id='word_1_143' title='bbox 311 1139 557 1173; x_wconf 80' lang='lat' dir='ltr'><strong>haud—haud</strong></span> <span class='ocrx_word' id='word_1_144' title='bbox 581 1141 711 1173; x_wconf 80' lang='lat' dir='ltr'><strong>Graser</strong></span> <span class='ocrx_word' id='word_1_145' title='bbox 756 1150 887 1173; x_wconf 74' lang='lat' dir='ltr'><strong>amaros</strong></span> <span class='ocrx_word' id='word_1_146' title='bbox 903 1151 1079 1174; x_wconf 76' lang='lat' dir='ltr'><strong>-amores</strong></span> <span class='ocrx_word' id='word_1_147' title='bbox 1098 1142 1216 1179; x_wconf 66' lang='lat' dir='ltr'><strong>Eheu-t.</strong></span> <span class='ocrx_word' id='word_1_148' title='bbox 1239 1142 1298 1173; x_wconf 78' lang='lat' dir='ltr'><strong>sed</strong></span> <span class='ocrx_word' id='word_1_149' title='bbox 1321 1143 1376 1174; x_wconf 80' lang='lat' dir='ltr'><strong>vd.</strong></span> <span class='ocrx_word' id='word_1_150' title='bbox 1395 1143 1575 1175; x_wconf 73' lang='lat' dir='ltr'><strong>Rothstein</strong></span> 
     </span>
     <span class='ocr_line' id='line_1_19' title="bbox 132 1186 1377 1227; baseline 0.001 -9"><span class='ocrx_word' id='word_1_151' title='bbox 132 1186 254 1218; x_wconf 86' lang='lat' dir='ltr'><em>Herm.</em></span> <span class='ocrx_word' id='word_1_152' title='bbox 281 1187 416 1219; x_wconf 86' lang='lat' dir='ltr'><em>XXIV</em></span> <span class='ocrx_word' id='word_1_153' title='bbox 431 1195 472 1226; x_wconf 82' lang='lat'><strong>24</strong></span> <span class='ocrx_word' id='word_1_154' title='bbox 502 1187 568 1220; x_wconf 85' lang='lat' dir='ltr'><strong>Leo</strong></span> <span class='ocrx_word' id='word_1_155' title='bbox 591 1187 721 1219; x_wconf 72' lang='lat' dir='ltr'><strong>Naclzr.</strong></span> <span class='ocrx_word' id='word_1_156' title='bbox 746 1188 808 1220; x_wconf 78' lang='lat' dir='ltr'><strong>der</strong></span> <span class='ocrx_word' id='word_1_157' title='bbox 835 1188 926 1219; x_wconf 69' lang='lat' dir='ltr'><strong>Gau.</strong></span> <span class='ocrx_word' id='word_1_158' title='bbox 955 1188 1027 1220; x_wconf 90' lang='lat' dir='ltr'><strong>Ges.</strong></span> <span class='ocrx_word' id='word_1_159' title='bbox 1052 1188 1085 1219; x_wconf 76' lang='lat' dir='ltr'><strong>d.</strong></span> <span class='ocrx_word' id='word_1_160' title='bbox 1119 1188 1168 1219; x_wconf 87' lang='lat' dir='ltr'><strong>W.</strong></span> <span class='ocrx_word' id='word_1_161' title='bbox 1194 1189 1284 1227; x_wconf 81' lang='lat'><em>1898.</em></span> <span class='ocrx_word' id='word_1_162' title='bbox 1308 1196 1377 1227; x_wconf 77' lang='lat'><strong>474</strong></span> 
     </span>
    </p>
   </div>
   <div class='ocr_carea' id='block_1_5' title="bbox 131 1255 394 1260">
    <p class='ocr_par' dir='ltr' id='par_1_9' title="bbox 131 1255 394 1260">
     <span class='ocr_line' id='line_1_20' title="bbox 131 1255 394 1260; baseline 0 0"><span class='ocrx_word' id='word_1_163' title='bbox 131 1255 394 1260; x_wconf 95' lang='lat' dir='ltr'><strong> </strong></span> 
     </span>
    </p>
   </div>
   <div class='ocr_carea' id='block_1_6' title="bbox 128 1301 1578 2123">
    <p class='ocr_par' dir='ltr' id='par_1_10' title="bbox 128 1301 1578 2123">
     <span class='ocr_line' id='line_1_21' title="bbox 250 1301 1576 1345; baseline 0.002 -12"><span class='ocrx_word' id='word_1_164' title='bbox 250 1309 309 1333; x_wconf 87' lang='grc' dir='ltr'><strong>ιοι</strong></span> <span class='ocrx_word' id='word_1_165' title='bbox 338 1301 372 1332; x_wconf 92' lang='lat'><strong>11</strong></span> <span class='ocrx_word' id='word_1_166' title='bbox 399 1308 440 1342; x_wconf 84' lang='lat'><strong>33</strong></span> <span class='ocrx_word' id='word_1_167' title='bbox 488 1311 520 1343; x_wconf 77' lang='lat' dir='ltr'><strong>g.</strong></span> <span class='ocrx_word' id='word_1_168' title='bbox 539 1301 574 1333; x_wconf 94' lang='lat'><strong>11</strong></span> <span class='ocrx_word' id='word_1_169' title='bbox 600 1308 667 1343; x_wconf 84' lang='lat'><strong>529</strong></span> <span class='ocrx_word' id='word_1_170' title='bbox 714 1301 778 1334; x_wconf 80' lang='lat' dir='ltr'><strong>Ov.</strong></span> <span class='ocrx_word' id='word_1_171' title='bbox 804 1302 828 1334; x_wconf 75' lang='lat' dir='ltr'><strong>f.</strong></span> <span class='ocrx_word' id='word_1_172' title='bbox 845 1301 898 1334; x_wconf 92' lang='lat' dir='ltr'><strong>IV</strong></span> <span class='ocrx_word' id='word_1_173' title='bbox 921 1308 984 1343; x_wconf 77' lang='grc'><strong>747</strong></span> <span class='ocrx_word' id='word_1_174' title='bbox 1006 1302 1118 1344; x_wconf 80' lang='lat' dir='ltr'><strong>pecori</strong></span> <span class='ocrx_word' id='word_1_175' title='bbox 1136 1326 1143 1334; x_wconf 92' lang='lat'><strong><em>.</em></strong></span> <span class='ocrx_word' id='word_1_176' title='bbox 1163 1326 1170 1333; x_wconf 95' lang='lat'>.</span> <span class='ocrx_word' id='word_1_177' title='bbox 1188 1302 1386 1345; x_wconf 72' lang='lat' dir='ltr'>pecorisque</span> <span class='ocrx_word' id='word_1_178' title='bbox 1409 1302 1576 1345; x_wconf 71' lang='lat' dir='ltr'><strong>magistris</strong></span> 
     </span>
     <span class='ocr_line' id='line_1_22' title="bbox 132 1345 1577 1390; baseline 0.002 -12"><span class='ocrx_word' id='word_1_179' title='bbox 132 1345 253 1378; x_wconf 81' lang='lat' dir='ltr'><strong>Manil.</strong></span> <span class='ocrx_word' id='word_1_180' title='bbox 279 1346 332 1379; x_wconf 84' lang='lat' dir='ltr'><strong>IV</strong></span> <span class='ocrx_word' id='word_1_181' title='bbox 359 1353 399 1387; x_wconf 87' lang='lat'><strong>27</strong></span> <span class='ocrx_word' id='word_1_182' title='bbox 432 1346 668 1390; x_wconf 75' lang='lat' dir='ltr'><strong>pemdumque</strong></span> <span class='ocrx_word' id='word_1_183' title='bbox 699 1347 850 1389; x_wconf 68' lang='lat' dir='ltr'><strong>magistu·</strong></span> <span class='ocrx_word' id='word_1_184' title='bbox 904 1347 999 1390; x_wconf 75' lang='lat' dir='ltr'><strong>Calp.</strong></span> <span class='ocrx_word' id='word_1_185' title='bbox 1026 1347 1078 1380; x_wconf 88' lang='lat' dir='ltr'><strong>IV</strong></span> <span class='ocrx_word' id='word_1_186' title='bbox 1109 1347 1172 1381; x_wconf 83' lang='lat'><strong>106</strong></span> <span class='ocrx_word' id='word_1_187' title='bbox 1204 1348 1333 1390; x_wconf 74' lang='lat' dir='ltr'><strong>peeoris</strong></span> <span class='ocrx_word' id='word_1_188' title='bbox 1357 1348 1483 1381; x_wconf 71' lang='lat' dir='ltr'><strong>dixisse</strong></span> <span class='ocrx_word' id='word_1_189' title='bbox 1506 1358 1577 1381; x_wconf 77' lang='lat' dir='ltr'><strong>ma·</strong></span> 
     </span>
     <span class='ocr_line' id='line_1_23' title="bbox 130 1391 1577 1435; baseline 0.003 -12"><span class='ocrx_word' id='word_1_190' title='bbox 130 1391 252 1433; x_wconf 70' lang='lat' dir='ltr'><strong>gisnes</strong></span> <span class='ocrx_word' id='word_1_191' title='bbox 306 1391 410 1424; x_wconf 84' lang='lat' dir='ltr'><strong>Prud.</strong></span> <span class='ocrx_word' id='word_1_192' title='bbox 431 1391 506 1425; x_wconf 87' lang='lat' dir='ltr'><strong>ditt.</strong></span> <span class='ocrx_word' id='word_1_193' title='bbox 532 1400 577 1434; x_wconf 85' lang='lat'><strong>30</strong></span> <span class='ocrx_word' id='word_1_194' title='bbox 600 1393 730 1435; x_wconf 73' lang='lat' dir='ltr'><strong>peeoris</strong></span> <span class='ocrx_word' id='word_1_195' title='bbox 747 1398 826 1425; x_wconf 81' lang='lat' dir='ltr'><strong>tunc</strong></span> <span class='ocrx_word' id='word_1_196' title='bbox 850 1393 937 1425; x_wconf 80' lang='lat' dir='ltr'><strong>forte</strong></span> <span class='ocrx_word' id='word_1_197' title='bbox 961 1394 1155 1435; x_wconf 76' lang='lat' dir='ltr'><strong>magistrum</strong></span> <span class='ocrx_word' id='word_1_198' title='bbox 1267 1402 1331 1427; x_wconf 70' lang='lat' dir='ltr'><strong>ion</strong></span> <span class='ocrx_word' id='word_1_199' title='bbox 1355 1393 1497 1427; x_wconf 65' lang='lat' dir='ltr'>Theou.</span> <span class='ocrx_word' id='word_1_200' title='bbox 1523 1394 1577 1426; x_wconf 86' lang='lat' dir='ltr'><strong>IV</strong></span> 
     </span>
     <span class='ocr_line' id='line_1_24' title="bbox 136 1435 1575 1492; baseline 0.003 -22"><span class='ocrx_word' id='word_1_201' title='bbox 136 1444 173 1479; x_wconf 82' lang='lat'><strong>15</strong></span> <span class='ocrx_word' id='word_1_202' title='bbox 198 1435 307 1485; x_wconf 79' lang='grc' dir='ltr'><strong>τήνας</strong></span> <span class='ocrx_word' id='word_1_203' title='bbox 330 1437 392 1492; x_wconf 57' lang='grc' dir='ltr'><strong>μὲν</strong></span> <span class='ocrx_word' id='word_1_204' title='bbox 407 1435 454 1485; x_wconf 80' lang='grc' dir='ltr'><strong>δή</strong></span> <span class='ocrx_word' id='word_1_205' title='bbox 485 1448 540 1472; x_wconf 83' lang='grc' dir='ltr'><strong>τοι</strong></span> <span class='ocrx_word' id='word_1_206' title='bbox 563 1442 626 1478; x_wconf 85' lang='grc' dir='ltr'><strong>τᾶς</strong></span> <span class='ocrx_word' id='word_1_207' title='bbox 649 1437 790 1484; x_wconf 77' lang='grc' dir='ltr'>πόρτιος</span> <span class='ocrx_word' id='word_1_208' title='bbox 814 1435 902 1472; x_wconf 75' lang='grc' dir='ltr'><strong>αὐτὰ</strong></span> <span class='ocrx_word' id='word_1_209' title='bbox 926 1437 1106 1472; x_wconf 61' lang='lat' dir='ltr'><strong>Ultimae</strong></span> <span class='ocrx_word' id='word_1_210' title='bbox 1130 1437 1259 1473; x_wconf 75' lang='grc' dir='ltr'><strong>τῶοτὶιι</strong></span> <span class='ocrx_word' id='word_1_211' title='bbox 1295 1440 1329 1471; x_wconf 89' lang='lat'><strong>11</strong></span> <span class='ocrx_word' id='word_1_212' title='bbox 1354 1439 1399 1480; x_wconf 85' lang='lat'><strong>89</strong></span> <span class='ocrx_word' id='word_1_213' title='bbox 1425 1437 1513 1474; x_wconf 74' lang='grc' dir='ltr'><strong>αἷκὰ</strong></span> <span class='ocrx_word' id='word_1_214' title='bbox 1537 1438 1575 1473; x_wconf 64' lang='grc' dir='ltr'><strong>δὲ</strong></span> 
     </span>
     <span class='ocr_line' id='line_1_25' title="bbox 128 1479 1577 1532; baseline 0.001 -16"><span class='ocrx_word' id='word_1_215' title='bbox 128 1481 238 1517; x_wconf 76' lang='grc' dir='ltr'><strong>λοιπὰ</strong></span> <span class='ocrx_word' id='word_1_216' title='bbox 269 1480 355 1517; x_wconf 68' lang='lat' dir='ltr'><strong>bet?</strong></span> <span class='ocrx_word' id='word_1_217' title='bbox 380 1480 428 1517; x_wconf 64' lang='lat' dir='ltr'><strong>‘t’</strong></span> <span class='ocrx_word' id='word_1_218' title='bbox 451 1479 499 1532; x_wconf 78' lang='grc' dir='ltr'><strong>ἧς</strong></span> <span class='ocrx_word' id='word_1_219' title='bbox 514 1483 574 1518; x_wconf 64' lang='grc' dir='ltr'><strong>καὶ</strong></span> <span class='ocrx_word' id='word_1_220' title='bbox 590 1481 701 1530; x_wconf 64' lang='grc' dir='ltr'><strong>δέρμα</strong></span> <span class='ocrx_word' id='word_1_221' title='bbox 749 1484 851 1526; x_wconf 81' lang='lat' dir='ltr'><strong>epigr.</strong></span> <span class='ocrx_word' id='word_1_222' title='bbox 870 1485 923 1516; x_wconf 92' lang='lat' dir='ltr'><strong>V1</strong></span> <span class='ocrx_word' id='word_1_223' title='bbox 942 1482 964 1516; x_wconf 88' lang='grc'>6</span> <span class='ocrx_word' id='word_1_224' title='bbox 1011 1484 1119 1517; x_wconf 75' lang='lat' dir='ltr'><strong>Gmtt.</strong></span> <span class='ocrx_word' id='word_1_225' title='bbox 1141 1492 1207 1524; x_wconf 85' lang='lat'><strong>²90</strong></span> <span class='ocrx_word' id='word_1_226' title='bbox 1231 1486 1353 1517; x_wconf 81' lang='lat' dir='ltr'><strong>teneris</strong></span> <span class='ocrx_word' id='word_1_227' title='bbox 1373 1486 1426 1517; x_wconf 81' lang='lat' dir='ltr'><strong>vix</strong></span> <span class='ocrx_word' id='word_1_228' title='bbox 1450 1486 1577 1518; x_wconf 72' lang='lat' dir='ltr'><strong>artibus</strong></span> 
     </span>
     <span class='ocr_line' id='line_1_26' title="bbox 130 1527 1575 1572; baseline 0.001 -11"><span class='ocrx_word' id='word_1_229' title='bbox 130 1527 246 1561; x_wconf 72' lang='lat' dir='ltr'><strong>haeret</strong></span> <span class='ocrx_word' id='word_1_230' title='bbox 301 1527 458 1572; x_wconf 76' lang='lat' dir='ltr'><strong>Cyprian.</strong></span> <span class='ocrx_word' id='word_1_231' title='bbox 484 1529 572 1562; x_wconf 74' lang='lat' dir='ltr'><strong>Gan.</strong></span> <span class='ocrx_word' id='word_1_232' title='bbox 600 1529 686 1562; x_wconf 86' lang='lat' dir='ltr'><strong>Gen.</strong></span> <span class='ocrx_word' id='word_1_233' title='bbox 709 1537 792 1572; x_wconf 73' lang='lat'><strong>1252</strong></span> <span class='ocrx_word' id='word_1_234' title='bbox 818 1530 874 1562; x_wconf 83' lang='lat' dir='ltr'><strong>vix</strong></span> <span class='ocrx_word' id='word_1_235' title='bbox 898 1530 1031 1562; x_wconf 70' lang='lat' dir='ltr'><strong>ossibus</strong></span> <span class='ocrx_word' id='word_1_236' title='bbox 1054 1529 1194 1563; x_wconf 68' lang='lat' dir='ltr'><strong>haerent</strong></span> <span class='ocrx_word' id='word_1_237' title='bbox 1241 1530 1306 1563; x_wconf 85' lang='lat' dir='ltr'><strong>Ov.</strong></span> <span class='ocrx_word' id='word_1_238' title='bbox 1332 1537 1371 1563; x_wconf 84' lang='lat' dir='ltr'><strong>tr.</strong></span> <span class='ocrx_word' id='word_1_239' title='bbox 1396 1531 1450 1563; x_wconf 93' lang='lat' dir='ltr'><strong>1v</strong></span> <span class='ocrx_word' id='word_1_240' title='bbox 1475 1531 1507 1568; x_wconf 81' lang='lat'><strong>6,</strong></span> <span class='ocrx_word' id='word_1_241' title='bbox 1533 1540 1575 1572; x_wconf 82' lang='lat'><strong>42</strong></span> 
     </span>
     <span class='ocr_line' id='line_1_27' title="bbox 135 1574 1577 1620; baseline 0.001 -13"><span class='ocrx_word' id='word_1_242' title='bbox 135 1583 200 1614; x_wconf 68' lang='grc'><strong>103</strong></span> <span class='ocrx_word' id='word_1_243' title='bbox 223 1576 272 1607; x_wconf 83' lang='lat' dir='ltr'><strong>ad</strong></span> <span class='ocrx_word' id='word_1_244' title='bbox 293 1574 384 1607; x_wconf 88' lang='lat' dir='ltr'>VIII</span> <span class='ocrx_word' id='word_1_245' title='bbox 413 1581 473 1615; x_wconf 85' lang='lat'><strong>107</strong></span> <span class='ocrx_word' id='word_1_246' title='bbox 493 1594 535 1599; x_wconf 89' lang='lat'><strong>—</strong></span> <span class='ocrx_word' id='word_1_247' title='bbox 556 1574 651 1618; x_wconf 78' lang='lat' dir='ltr'><strong>Calp.</strong></span> <span class='ocrx_word' id='word_1_248' title='bbox 677 1575 729 1607; x_wconf 85' lang='lat' dir='ltr'><strong>IV</strong></span> <span class='ocrx_word' id='word_1_249' title='bbox 767 1583 829 1608; x_wconf 79' lang='lat'><strong>102</strong></span> <span class='ocrx_word' id='word_1_250' title='bbox 864 1581 997 1608; x_wconf 76' lang='lat' dir='ltr'><strong>teneros</strong></span> <span class='ocrx_word' id='word_1_251' title='bbox 1029 1576 1161 1608; x_wconf 80' lang='lat' dir='ltr'><strong>subitus</strong></span> <span class='ocrx_word' id='word_1_252' title='bbox 1193 1577 1286 1618; x_wconf 76' lang='lat' dir='ltr'><strong>vigor</strong></span> <span class='ocrx_word' id='word_1_253' title='bbox 1318 1577 1441 1609; x_wconf 81' lang='lat' dir='ltr'><strong>excitet</strong></span> <span class='ocrx_word' id='word_1_254' title='bbox 1472 1587 1577 1620; x_wconf 68' lang='lat' dir='ltr'><strong>agnos</strong></span> 
     </span>
     <span class='ocr_line' id='line_1_28' title="bbox 130 1619 1575 1666; baseline 0.002 -14"><span class='ocrx_word' id='word_1_255' title='bbox 130 1619 259 1661; x_wconf 76' lang='lat' dir='ltr'><strong>Syrum.</strong></span> <span class='ocrx_word' id='word_1_256' title='bbox 284 1620 302 1652; x_wconf 90' lang='lat'>1</span> <span class='ocrx_word' id='word_1_257' title='bbox 325 1620 369 1663; x_wconf 83' lang='lat'><strong>48</strong></span> <span class='ocrx_word' id='word_1_258' title='bbox 393 1621 469 1664; x_wconf 87' lang='lat' dir='ltr'><strong>quis</strong></span> <span class='ocrx_word' id='word_1_259' title='bbox 493 1620 608 1654; x_wconf 79' lang='lat' dir='ltr'><strong>oculus</strong></span> <span class='ocrx_word' id='word_1_260' title='bbox 632 1622 810 1654; x_wconf 75' lang='lat' dir='ltr'><strong>fascinavit</strong></span> <span class='ocrx_word' id='word_1_261' title='bbox 833 1621 1035 1654; x_wconf 71' lang='lat' dir='ltr'><strong>destinatam</strong></span> <span class='ocrx_word' id='word_1_262' title='bbox 1059 1622 1233 1664; x_wconf 83' lang='lat' dir='ltr'><strong>quietem?</strong></span> <span class='ocrx_word' id='word_1_263' title='bbox 1329 1631 1394 1662; x_wconf 72' lang='lat'><strong>105</strong></span> <span class='ocrx_word' id='word_1_264' title='bbox 1418 1622 1575 1666; x_wconf 79' lang='lat' dir='ltr'><strong>Cyprian.</strong></span> 
     </span>
     <span class='ocr_line' id='line_1_29' title="bbox 128 1665 1578 1712; baseline 0.002 -14"><span class='ocrx_word' id='word_1_265' title='bbox 128 1665 215 1699; x_wconf 77' lang='lat' dir='ltr'><strong>Gall.</strong></span> <span class='ocrx_word' id='word_1_266' title='bbox 239 1666 315 1699; x_wconf 87' lang='lat' dir='ltr'><strong>Iud.</strong></span> <span class='ocrx_word' id='word_1_267' title='bbox 339 1665 408 1707; x_wconf 76' lang='lat'><strong>076</strong></span> <span class='ocrx_word' id='word_1_268' title='bbox 430 1666 545 1700; x_wconf 75' lang='lat' dir='ltr'><strong>ulnam</strong></span> <span class='ocrx_word' id='word_1_269' title='bbox 570 1666 719 1710; x_wconf 82' lang='lat' dir='ltr'><strong>plectens</strong></span> <span class='ocrx_word' id='word_1_270' title='bbox 744 1677 812 1700; x_wconf 85' lang='lat' dir='ltr'><strong>nou</strong></span> <span class='ocrx_word' id='word_1_271' title='bbox 835 1667 980 1710; x_wconf 74' lang='lat' dir='ltr'><strong>amplius</strong></span> <span class='ocrx_word' id='word_1_272' title='bbox 1002 1677 1105 1700; x_wconf 79' lang='lat' dir='ltr'><strong>unam</strong></span> <span class='ocrx_word' id='word_1_273' title='bbox 1202 1670 1268 1701; x_wconf 72' lang='lat'><strong>10⁶</strong></span> <span class='ocrx_word' id='word_1_274' title='bbox 1291 1670 1424 1701; x_wconf 77' lang='lat' dir='ltr'><strong>Ausou.</strong></span> <span class='ocrx_word' id='word_1_275' title='bbox 1440 1668 1578 1712; x_wconf 85' lang='lat' dir='ltr'><strong>Cupido</strong></span> 
     </span>
     <span class='ocr_line' id='line_1_30' title="bbox 132 1711 1577 1756; baseline 0.002 -12"><span class='ocrx_word' id='word_1_276' title='bbox 132 1719 153 1751; x_wconf 89' lang='lat'>9</span> <span class='ocrx_word' id='word_1_277' title='bbox 183 1711 264 1744; x_wconf 75' lang='lat' dir='ltr'><strong>olim</strong></span> <span class='ocrx_word' id='word_1_278' title='bbox 294 1721 410 1754; x_wconf 76' lang='lat' dir='ltr'><strong>regum</strong></span> <span class='ocrx_word' id='word_1_279' title='bbox 443 1719 478 1746; x_wconf 84' lang='lat' dir='ltr'><strong>et</strong></span> <span class='ocrx_word' id='word_1_280' title='bbox 500 1722 680 1755; x_wconf 81' lang='lat' dir='ltr'><strong>puerorum</strong></span> <span class='ocrx_word' id='word_1_281' title='bbox 704 1714 852 1751; x_wconf 72' lang='lat' dir='ltr'><strong>nomina.</strong></span> <span class='ocrx_word' id='word_1_282' title='bbox 885 1713 987 1746; x_wconf 71' lang='lat' dir='ltr'><strong>flores</strong></span> <span class='ocrx_word' id='word_1_283' title='bbox 1003 1737 1012 1745; x_wconf 86' lang='lat'><strong>.</strong></span> <span class='ocrx_word' id='word_1_284' title='bbox 1030 1737 1038 1745; x_wconf 91' lang='lat'><strong>.</strong></span> <span class='ocrx_word' id='word_1_285' title='bbox 1056 1714 1235 1747; x_wconf 71' lang='lat' dir='ltr'><strong>Narcissus</strong></span> <span class='ocrx_word' id='word_1_286' title='bbox 1259 1721 1293 1746; x_wconf 85' lang='lat' dir='ltr'><strong>et</strong></span> <span class='ocrx_word' id='word_1_287' title='bbox 1311 1738 1318 1745; x_wconf 95' lang='lat'>.</span> <span class='ocrx_word' id='word_1_288' title='bbox 1337 1739 1344 1746; x_wconf 96' lang='lat'>.</span> <span class='ocrx_word' id='word_1_289' title='bbox 1363 1714 1577 1756; x_wconf 76' lang='lat' dir='ltr'><strong>Hyacinthus</strong></span> 
     </span>
     <span class='ocr_line' id='line_1_31' title="bbox 132 1756 1578 1802; baseline 0.002 -12"><span class='ocrx_word' id='word_1_290' title='bbox 132 1756 250 1790; x_wconf 76' lang='lat' dir='ltr'><strong>Claud.</strong></span> <span class='ocrx_word' id='word_1_291' title='bbox 283 1757 419 1791; x_wconf 84' lang='lat' dir='ltr'>XXIV</span> <span class='ocrx_word' id='word_1_292' title='bbox 451 1757 517 1801; x_wconf 74' lang='lat'><strong>348</strong></span> <span class='ocrx_word' id='word_1_293' title='bbox 550 1758 701 1802; x_wconf 76' lang='lat' dir='ltr'><strong>inscripti</strong></span> <span class='ocrx_word' id='word_1_294' title='bbox 718 1783 726 1791; x_wconf 90' lang='lat'>.</span> <span class='ocrx_word' id='word_1_295' title='bbox 747 1782 756 1790; x_wconf 85' lang='lat'><strong>.</strong></span> <span class='ocrx_word' id='word_1_296' title='bbox 773 1769 897 1791; x_wconf 83' lang='lat' dir='ltr'><strong>nomen</strong></span> <span class='ocrx_word' id='word_1_297' title='bbox 992 1768 1056 1798; x_wconf 78' lang='grc' dir='ltr'><strong>κη</strong></span> <span class='ocrx_word' id='word_1_298' title='bbox 1089 1759 1223 1792; x_wconf 86' lang='lat' dir='ltr'><strong>Colum.</strong></span> <span class='ocrx_word' id='word_1_299' title='bbox 1256 1761 1295 1792; x_wconf 88' lang='lat' dir='ltr'>X</span> <span class='ocrx_word' id='word_1_300' title='bbox 1324 1767 1365 1801; x_wconf 83' lang='lat'><strong>37</strong></span> <span class='ocrx_word' id='word_1_301' title='bbox 1401 1767 1578 1794; x_wconf 71' lang='lat' dir='ltr'><strong>nueantur</strong></span> 
     </span>
     <span class='ocr_line' id='line_1_32' title="bbox 130 1802 1576 1851; baseline 0.003 -16"><span class='ocrx_word' id='word_1_302' title='bbox 130 1803 236 1836; x_wconf 77' lang='lat' dir='ltr'><strong>flores</strong></span> <span class='ocrx_word' id='word_1_303' title='bbox 262 1802 416 1843; x_wconf 69' lang='lat' dir='ltr'><strong>(Theou.</strong></span> <span class='ocrx_word' id='word_1_304' title='bbox 441 1804 482 1836; x_wconf 85' lang='lat' dir='ltr'>X</span> <span class='ocrx_word' id='word_1_305' title='bbox 507 1803 549 1836; x_wconf 78' lang='lat'><strong>28</strong></span> <span class='ocrx_word' id='word_1_306' title='bbox 575 1802 599 1838; x_wconf 78' lang='grc' dir='ltr'><strong>ἀ</strong></span> <span class='ocrx_word' id='word_1_307' title='bbox 621 1804 760 1851; x_wconf 65' lang='grc' dir='ltr'><strong>γραπτὰ</strong></span> <span class='ocrx_word' id='word_1_308' title='bbox 785 1802 953 1845; x_wconf 58' lang='grc' dir='ltr'><strong>ὑάκινθος</strong></span> <span class='ocrx_word' id='word_1_309' title='bbox 975 1817 1054 1838; x_wconf 74' lang='lat' dir='ltr'><strong>cum</strong></span> <span class='ocrx_word' id='word_1_310' title='bbox 1069 1807 1207 1845; x_wconf 78' lang='lat' dir='ltr'><strong>scholio)</strong></span> <span class='ocrx_word' id='word_1_311' title='bbox 1304 1809 1370 1839; x_wconf 69' lang='lat' dir='ltr'><strong>m·</strong></span> <span class='ocrx_word' id='word_1_312' title='bbox 1392 1806 1500 1839; x_wconf 76' lang='lat' dir='ltr'><strong>Cstal.</strong></span> <span class='ocrx_word' id='word_1_313' title='bbox 1519 1807 1576 1838; x_wconf 82' lang='lat' dir='ltr'><strong>lx</strong></span> 
     </span>
     <span class='ocr_line' id='line_1_33' title="bbox 133 1850 1578 1895; baseline 0.003 -14"><span class='ocrx_word' id='word_1_314' title='bbox 133 1856 174 1892; x_wconf 93' lang='grc'><strong>55</strong></span> <span class='ocrx_word' id='word_1_315' title='bbox 207 1858 277 1881; x_wconf 80' lang='lat' dir='ltr'><strong>non</strong></span> <span class='ocrx_word' id='word_1_316' title='bbox 300 1855 453 1882; x_wconf 74' lang='lat' dir='ltr'><strong>nostrum</strong></span> <span class='ocrx_word' id='word_1_317' title='bbox 484 1855 537 1882; x_wconf 74' lang='lat' dir='ltr'><strong>est</strong></span> <span class='ocrx_word' id='word_1_318' title='bbox 560 1855 683 1888; x_wconf 70' lang='lat' dir='ltr'><strong>num,</strong></span> <span class='ocrx_word' id='word_1_319' title='bbox 715 1860 784 1882; x_wconf 82' lang='lat' dir='ltr'><strong>non</strong></span> <span class='ocrx_word' id='word_1_320' title='bbox 812 1850 950 1893; x_wconf 74' lang='lat' dir='ltr'><strong>inquam</strong></span> <span class='ocrx_word' id='word_1_321' title='bbox 981 1852 1146 1894; x_wconf 71' lang='lat' dir='ltr'><strong>attingere</strong></span> <span class='ocrx_word' id='word_1_322' title='bbox 1169 1851 1284 1884; x_wconf 78' lang='lat' dir='ltr'><strong>laudes</strong></span> <span class='ocrx_word' id='word_1_323' title='bbox 1331 1851 1427 1895; x_wconf 71' lang='lat' dir='ltr'><strong>Calp.</strong></span> <span class='ocrx_word' id='word_1_324' title='bbox 1454 1852 1508 1885; x_wconf 86' lang='lat' dir='ltr'><strong>v1</strong></span> <span class='ocrx_word' id='word_1_325' title='bbox 1533 1851 1578 1893; x_wconf 81' lang='lat'><strong>89</strong></span> 
     </span>
     <span class='ocr_line' id='line_1_34' title="bbox 129 1894 1576 1939; baseline 0.002 -12"><span class='ocrx_word' id='word_1_326' title='bbox 129 1894 191 1927; x_wconf 71' lang='lat' dir='ltr'><strong>sed</strong></span> <span class='ocrx_word' id='word_1_327' title='bbox 214 1904 284 1929; x_wconf 86' lang='lat' dir='ltr'><strong>non</strong></span> <span class='ocrx_word' id='word_1_328' title='bbox 308 1904 372 1938; x_wconf 83' lang='lat' dir='ltr'><strong>ego</strong></span> <span class='ocrx_word' id='word_1_329' title='bbox 394 1895 492 1928; x_wconf 75' lang='lat' dir='ltr'><strong>vobis</strong></span> <span class='ocrx_word' id='word_1_330' title='bbox 515 1895 649 1933; x_wconf 77' lang='lat' dir='ltr'><strong>arbiter,</strong></span> <span class='ocrx_word' id='word_1_331' title='bbox 681 1895 747 1929; x_wconf 85' lang='lat' dir='ltr'><strong>hoc</strong></span> <span class='ocrx_word' id='word_1_332' title='bbox 776 1895 862 1929; x_wconf 74' lang='lat' dir='ltr'><strong>alius</strong></span> <span class='ocrx_word' id='word_1_333' title='bbox 889 1897 999 1939; x_wconf 76' lang='lat' dir='ltr'><strong>pouit</strong></span> <span class='ocrx_word' id='word_1_334' title='bbox 1022 1897 1212 1930; x_wconf 75' lang='lat' dir='ltr'><strong>discernere</strong></span> <span class='ocrx_word' id='word_1_335' title='bbox 1235 1898 1337 1929; x_wconf 82' lang='lat' dir='ltr'><strong>iudex</strong></span> <span class='ocrx_word' id='word_1_336' title='bbox 1386 1897 1493 1933; x_wconf 76' lang='lat' dir='ltr'><strong>Anth.</strong></span> <span class='ocrx_word' id='word_1_337' title='bbox 1517 1897 1576 1930; x_wconf 79' lang='lat' dir='ltr'><strong>lat.</strong></span> 
     </span>
     <span class='ocr_line' id='line_1_35' title="bbox 133 1941 1572 1986; baseline 0.001 -13"><span class='ocrx_word' id='word_1_338' title='bbox 133 1947 211 1982; x_wconf 82' lang='lat'>733,</span> <span class='ocrx_word' id='word_1_339' title='bbox 236 1948 255 1982; x_wconf 86' lang='lat'>3</span> <span class='ocrx_word' id='word_1_340' title='bbox 281 1949 343 1974; x_wconf 81' lang='lat' dir='ltr'><strong>nec</strong></span> <span class='ocrx_word' id='word_1_341' title='bbox 366 1947 531 1979; x_wconf 69' lang='lat' dir='ltr'><strong>nostrum.</strong></span> <span class='ocrx_word' id='word_1_342' title='bbox 555 1941 674 1979; x_wconf 74' lang='lat' dir='ltr'><strong>fateor.</strong></span> <span class='ocrx_word' id='word_1_343' title='bbox 706 1947 816 1974; x_wconf 71' lang='lat' dir='ltr'><strong>tantas</strong></span> <span class='ocrx_word' id='word_1_344' title='bbox 838 1941 1027 1975; x_wconf 76' lang='lat' dir='ltr'><strong>discernere</strong></span> <span class='ocrx_word' id='word_1_345' title='bbox 1050 1952 1150 1976; x_wconf 72' lang='lat' dir='ltr'><strong>voees</strong></span> <span class='ocrx_word' id='word_1_346' title='bbox 1173 1961 1218 1967; x_wconf 93' lang='lat'><strong>—-</strong></span> <span class='ocrx_word' id='word_1_347' title='bbox 1242 1943 1328 1975; x_wconf 84' lang='lat' dir='ltr'><strong>Hor.</strong></span> <span class='ocrx_word' id='word_1_348' title='bbox 1354 1954 1407 1986; x_wconf 87' lang='lat' dir='ltr'><strong>ep.</strong></span> <span class='ocrx_word' id='word_1_349' title='bbox 1433 1944 1450 1976; x_wconf 94' lang='lat'>1</span> <span class='ocrx_word' id='word_1_350' title='bbox 1476 1952 1508 1981; x_wconf 84' lang='lat'><strong>2,</strong></span> <span class='ocrx_word' id='word_1_351' title='bbox 1538 1952 1572 1975; x_wconf 86' lang='lat'><strong>11</strong></span> 
     </span>
     <span class='ocr_line' id='line_1_36' title="bbox 131 1985 1576 2032; baseline 0.002 -13"><span class='ocrx_word' id='word_1_352' title='bbox 131 1985 239 2020; x_wconf 81' lang='lat' dir='ltr'><strong>Anth.</strong></span> <span class='ocrx_word' id='word_1_353' title='bbox 257 1986 315 2020; x_wconf 83' lang='lat' dir='ltr'><strong>lat.</strong></span> <span class='ocrx_word' id='word_1_354' title='bbox 332 1997 364 2029; x_wconf 82' lang='lat'><strong>4.</strong></span> <span class='ocrx_word' id='word_1_355' title='bbox 382 1995 426 2029; x_wconf 79' lang='lat'><strong>24</strong></span> <span class='ocrx_word' id='word_1_356' title='bbox 442 1997 645 2030; x_wconf 75' lang='lat' dir='ltr'><strong>componere</strong></span> <span class='ocrx_word' id='word_1_357' title='bbox 661 1986 737 2020; x_wconf 73' lang='lat' dir='ltr'><strong>lites</strong></span> <span class='ocrx_word' id='word_1_358' title='bbox 783 1988 967 2030; x_wconf 74' lang='lat' dir='ltr'><strong>Angustia.</strong></span> <span class='ocrx_word' id='word_1_359' title='bbox 984 1998 1059 2031; x_wconf 83' lang='lat' dir='ltr'><strong>exp.</strong></span> <span class='ocrx_word' id='word_1_360' title='bbox 1077 1998 1131 2032; x_wconf 87' lang='lat' dir='ltr'><strong>ep.</strong></span> <span class='ocrx_word' id='word_1_361' title='bbox 1149 1989 1193 2021; x_wconf 76' lang='lat' dir='ltr'><strong>ad</strong></span> <span class='ocrx_word' id='word_1_362' title='bbox 1210 1989 1285 2022; x_wconf 77' lang='lat' dir='ltr'><strong>Gal.</strong></span> <span class='ocrx_word' id='word_1_363' title='bbox 1309 1997 1321 2020; x_wconf 90' lang='grc' dir='ltr'><strong>ι</strong></span> <span class='ocrx_word' id='word_1_364' title='bbox 1421 1999 1481 2022; x_wconf 85' lang='grc' dir='ltr'><strong>ιιι</strong></span> <span class='ocrx_word' id='word_1_365' title='bbox 1509 2000 1541 2032; x_wconf 80' lang='lat' dir='ltr'><strong>g.</strong></span> <span class='ocrx_word' id='word_1_366' title='bbox 1560 1990 1576 2022; x_wconf 94' lang='lat'>1</span> 
     </span>
     <span class='ocr_line' id='line_1_37' title="bbox 137 2031 1577 2077; baseline 0.003 -13"><span class='ocrx_word' id='word_1_367' title='bbox 137 2031 198 2064; x_wconf 81' lang='lat'><strong>106</strong></span> <span class='ocrx_word' id='word_1_368' title='bbox 245 2032 321 2066; x_wconf 78' lang='lat' dir='ltr'><strong>cat.</strong></span> <span class='ocrx_word' id='word_1_369' title='bbox 346 2033 435 2065; x_wconf 87' lang='lat' dir='ltr'><strong>LXI</strong></span> <span class='ocrx_word' id='word_1_370' title='bbox 461 2040 525 2073; x_wconf 85' lang='lat'><strong>227</strong></span> <span class='ocrx_word' id='word_1_371' title='bbox 557 2032 703 2065; x_wconf 75' lang='lat' dir='ltr'><strong>claudite</strong></span> <span class='ocrx_word' id='word_1_372' title='bbox 725 2034 824 2072; x_wconf 73' lang='lat' dir='ltr'><strong>ostis,</strong></span> <span class='ocrx_word' id='word_1_373' title='bbox 855 2034 1017 2076; x_wconf 59' lang='lat' dir='ltr'><strong>virginem</strong></span> <span class='ocrx_word' id='word_1_374' title='bbox 1050 2034 1190 2066; x_wconf 86' lang='lat' dir='ltr'><strong>lusimus</strong></span> <span class='ocrx_word' id='word_1_375' title='bbox 1222 2035 1304 2067; x_wconf 80' lang='lat' dir='ltr'><strong>satis</strong></span> <span class='ocrx_word' id='word_1_376' title='bbox 1350 2034 1447 2077; x_wconf 83' lang='lat' dir='ltr'><strong>Calp.</strong></span> <span class='ocrx_word' id='word_1_377' title='bbox 1471 2036 1508 2068; x_wconf 91' lang='lat'><strong>11</strong></span> <span class='ocrx_word' id='word_1_378' title='bbox 1532 2035 1577 2075; x_wconf 82' lang='lat'><strong>96</strong></span> 
     </span>
     <span class='ocr_line' id='line_1_38' title="bbox 130 2078 1531 2123; baseline 0.003 -13"><span class='ocrx_word' id='word_1_379' title='bbox 130 2078 346 2122; x_wconf 84' lang='lat' dir='ltr'><strong>primumque</strong></span> <span class='ocrx_word' id='word_1_380' title='bbox 370 2079 503 2112; x_wconf 80' lang='lat' dir='ltr'><strong>reclude</strong></span> <span class='ocrx_word' id='word_1_381' title='bbox 526 2079 675 2112; x_wconf 79' lang='lat' dir='ltr'><strong>canalem</strong></span> <span class='ocrx_word' id='word_1_382' title='bbox 701 2084 735 2111; x_wconf 87' lang='lat' dir='ltr'><strong>et</strong></span> <span class='ocrx_word' id='word_1_383' title='bbox 759 2079 832 2112; x_wconf 86' lang='lat' dir='ltr'><strong>sine</strong></span> <span class='ocrx_word' id='word_1_384' title='bbox 856 2079 922 2111; x_wconf 79' lang='lat' dir='ltr'><strong>iarn</strong></span> <span class='ocrx_word' id='word_1_385' title='bbox 947 2080 1075 2112; x_wconf 87' lang='lat' dir='ltr'><strong>dudum</strong></span> <span class='ocrx_word' id='word_1_386' title='bbox 1100 2081 1253 2113; x_wconf 73' lang='lat' dir='ltr'><strong>sitientes</strong></span> <span class='ocrx_word' id='word_1_387' title='bbox 1278 2080 1391 2123; x_wconf 79' lang='lat' dir='ltr'><strong>irriget</strong></span> <span class='ocrx_word' id='word_1_388' title='bbox 1413 2080 1531 2114; x_wconf 76' lang='lat' dir='ltr'><strong>hortos</strong></span> 
     </span>
    </p>
   </div>
   <div class='ocr_carea' id='block_1_7' title="bbox 1594 503 1643 531">
    <p class='ocr_par' dir='ltr' id='par_1_11' title="bbox 1594 503 1643 531">
     <span class='ocr_line' id='line_1_39' title="bbox 1594 503 1643 531; baseline 0 0"><span class='ocrx_word' id='word_1_389' title='bbox 1594 503 1643 531; x_wconf 64' lang='grc' dir='ltr'><strong>ποι</strong></span> 
     </span>
    </p>
   </div>
   <div class='ocr_carea' id='block_1_8' title="bbox 1597 789 1646 808">
    <p class='ocr_par' dir='ltr' id='par_1_12' title="bbox 1597 789 1646 808">
     <span class='ocr_line' id='line_1_40' title="bbox 1597 789 1646 808; baseline 0 0"><span class='ocrx_word' id='word_1_390' title='bbox 1597 789 1646 808; x_wconf 77' lang='lat'><strong>¹10</strong></span> 
     </span>
    </p>
   </div>
  </div>
 </body>
</html>
