1812 2886
263 171 314 210 34
904 161 1055 186 vnum
1647 150 1701 185 vl

401 274 452 312 Et
481 272 611 324 gravis
641 270 773 309 attrita
804 269 1012 320 pendebat
1042 269 1256 308 cantharus
1286 280 1396 307 ansa.

400 329 588 380 Adgressi
620 327 732 379 (nam
762 338 886 377 saepe
915 338 1041 365 senex
1070 338 1144 377 spe
1164 324 1351 364 carminis
1373 325 1495 364 ambo

401 384 583 436 Luserat)
614 384 781 423 iniciunt
811 383 905 434 ipsis
935 395 985 423 ex
1017 383 1175 422 vincula
1204 382 1328 421 sertis.

401 443 528 481 Addit
558 453 602 481 se
631 441 781 481 sociam
812 440 1044 491 timidisque
1072 439 1305 491 supervenit
1336 439 1472 490 Aegle,
1721 454 1756 474 ιο

404 500 540 551 Aegle,
571 498 775 537 Naiadum
807 497 1083 548 pulcherrima,
1114 497 1276 547 iamque
1306 495 1459 534 videnti

400 556 636 607 Sanguineis
666 556 838 594 frontem
871 554 993 594 moris
1023 560 1062 593 et
1091 560 1276 604 tempora
1307 553 1443 603 pingit.

402 614 475 652 Ille
504 614 644 652 dolum
674 613 810 651 ridens
842 616 936 663 ‘quo
966 611 1124 649 vincula
1154 609 1311 649 nectitis
1323 610 1352 647 ‘e’
1382 610 1522 661 inquit.

402 671 563 710 ‘Solvite
593 682 669 716 me,
700 669 833 720 pueri;
869 668 963 708 satis
993 675 1054 707 est
1083 668 1262 718 potuisse
1292 667 1429 706 videri.

403 727 601 774 Carmina,
633 739 739 778 quae
770 726 896 773 voltis,
927 725 1181 776 cognoscite3
1212 724 1391 763 carmina
1421 724 1547 770 vobis,
1723 738 1756 764 ns

404 785 512 824 Huic
541 784 649 823 aliud
681 784 878 822 mercedis
909 783 1003 821 erit.’
1062 782 1185 820 Simul
1216 780 1355 833 incipit
1383 781 1479 831 ipse.

403 842 510 881 Tum
541 853 637 880 vero
667 841 708 880 in
739 853 952 879 numerum
984 840 1229 890 Faunosque
1259 839 1443 889 ferasque
1474 837 1630 876 videre·

404 898 576 945 Ludere,
606 905 691 937 tum
722 898 869 949 rigidas
899 903 1054 936 motare
1085 896 1293 936 cacumina
1322 907 1514 946 quercus;

405 956 494 996 Nec
524 962 680 994 tantum
713 955 882 994 Phoebo
910 955 1061 1006 gaudet
1092 954 1282 992 Parnasia
1311 964 1443 1003 rupes,

405 1013 494 1052 Nec
524 1018 681 1051 tantum
713 1012 916 1063 Rhodope
946 1012 1109 1050 miratur
1139 1017 1179 1050 et
1210 1010 1386 1049 Ismarus
1416 1008 1592 1060 Orphea.
1727 1022 1760 1050 1ο

472 1070 512 1108 N
515 1082 663 1120 amque
693 1070 876 1116 canebat,
907 1069 965 1108 uti
994 1080 1184 1119 magnum
1215 1080 1287 1118 per
1316 1068 1437 1106 inane
1466 1070 1607 1106 coacta

404 1128 568 1166 Semina
598 1134 874 1176 terrarumque
904 1126 1144 1176 animaeque
1175 1125 1377 1175 marisque
1406 1124 1573 1163 fuissent

406 1185 457 1223 Et
486 1184 627 1235 liquidi
657 1184 773 1223 simul
806 1183 926 1235 ignis;
958 1189 1002 1221 ut
1031 1183 1093 1221 his
1122 1183 1289 1221 exordia
1318 1181 1454 1232 primis

405 1241 554 1281 Omnia
592 1247 632 1280 et
663 1241 748 1291 ipse
778 1246 892 1279 tener
922 1240 1063 1279 mundi
1093 1239 1341 1278 concreverit
1371 1239 1501 1287 orbis;

382 1375 428 1404 ²³
452 1366 599 1398 inridens
625 1366 666 1410 P,
761 1374 807 1404 3ο
829 1366 992 1398 minntur
1016 1366 1050 1397 R
1093 1366 1158 1407 cfr.
1187 1365 1286 1397 Rhet.
1305 1365 1366 1395 lat.
1393 1365 1476 1395 min.
1497 1368 1537 1405 p.
1551 1363 1611 1403 48.
1632 1371 1655 1402 5
1672 1362 1717 1395 H

268 1422 313 1451 33
336 1417 370 1444 et
400 1413 440 1456 P,
474 1411 631 1443 exomnis
662 1412 696 1443 P
725 1420 767 1443 ex
798 1411 893 1443 ordia
917 1411 1113 1453 Nettleslnp
1142 1411 1211 1454 (fr.
1238 1410 1341 1442 Lucr.
1368 1410 1428 1441 IV
1441 1418 1485 1447 3²
1532 1417 1573 1441 ex
1596 1408 1711 1440 omnia

268 1459 470 1500 Peerlkamp
563 1466 607 1495 34
632 1457 704 1499 ipse
729 1463 815 1489 tere·
839 1458 1019 1489 Hartman

387 1581 428 1610 17
462 1570 522 1603 Sil.
558 1571 630 1603 VII
665 1570 728 1611 196
760 1571 945 1613 dextraque
976 1570 1137 1613 pependit
1168 1569 1347 1602 cantharus
1366 1568 1557 1612 ..delapsa
1602 1567 1712 1600 Antii.

271 1618 327 1650 lat.
364 1625 443 1659 941,
477 1625 517 1658 41
554 1616 687 1649 Silenus
713 1641 720 1648 .
747 1640 754 1648 .
780 1616 833 1648 cui
868 1616 956 1648 lacer
987 1627 1007 1647 a
1038 1626 1173 1648 summo
1209 1615 1380 1658 pendebat
1411 1613 1588 1648 oenthams
1618 1623 1714 1646 nmo

271 1673 317 1696 ao
347 1663 466 1696 Claud.
495 1668 579 1704 rapt.
604 1663 622 1694 Ι
654 1670 716 1703 231
751 1662 883 1694 addunt
916 1671 953 1694 se
985 1663 1127 1694 comites
1243 1671 1283 1693 2¹
1318 1673 1391 1704 sqq.
1424 1661 1564 1693 Nemes.
1589 1658 1645 1692 m
1672 1667 1711 1691 12

271 1711 408 1751 iamque
443 1708 577 1740 videns:
618 1708 735 1750 ‘pueri,
774 1708 803 1740 si
838 1707 985 1740 earmina
1021 1707 1180 1750 poscitis}
1217 1707 1327 1750 inquit
1362 1707 1446 1749 ‘ipse
1481 1706 1610 1739 ennam'
1645 1716 1714 1749 ιρι.

272 1758 318 1787 26
341 1754 436 1796 Calp.
461 1754 497 1786 11
523 1762 563 1795 ²3
589 1753 670 1786 satis
694 1753 761 1786 hoc
783 1753 948 1786 mercedis
971 1752 1097 1785 habeto
1189 1762 1323 1796 nsqq.
1347 1763 1379 1794 g.
1405 1753 1421 1784 Ι
1451 1760 1487 1784 11
1515 1750 1623 1784 Culex
1651 1758 1712 1793 115

273 1801 427 1833 ludentes
451 1800 562 1831 Panes
587 1824 594 1831 .
620 1824 630 1832 .
654 1805 689 1831 et
719 1799 831 1840 Satyri
855 1799 1079 1841 Dryadesque
1103 1823 1111 1830 .
1138 1823 1146 1831 .
1171 1797 1303 1841 puellae
1328 1822 1335 1829 .
1365 1824 1369 1828 .
1396 1803 1527 1830 tantum
1559 1806 1629 1829 non
1651 1796 1716 1830 Or-

274 1845 381 1889 pheus
408 1845 564 1877 Hebrum
589 1869 599 1878 .
624 1869 631 1877 .
658 1845 765 1878 tenuit
811 1845 928 1878 Sidon.
952 1855 981 1876 c.
999 1845 1117 1876 XXII
1138 1851 1179 1886 37
1206 1845 1410 1886 Faunosque
1433 1843 1578 1876 docebat
1601 1841 1717 1875 ludere

275 1892 408 1924 Silenus
463 1890 576 1923 carm.
606 1901 659 1933 ep.
686 1890 764 1932 369,
793 1899 831 1922 12
865 1891 1000 1932 Engstr.
1034 1890 1142 1922 ludite
1165 1890 1274 1922 Fauni
1322 1890 1420 1922 Lucr.
1444 1889 1480 1921 11
1503 1888 1567 1930 631
1594 1887 1718 1921 ludunt

275 1939 310 1969 in
335 1946 581 1978 numerumque
604 1935 756 1969 exultant
779 1937 834 1968 IV
861 1936 927 1976 769
972 1947 1004 1978 g.
1029 1936 1084 1967 1v
1108 1943 1168 1978 175
1208 1938 1254 1968 A.
1271 1936 1363 1967 VIII
1381 1942 1447 1977 453
1495 1935 1578 1967 Luc.
1595 1934 1632 1965 11
1653 1942 1712 1966 111

277 1983 332 2016 Ov
349 1988 388 2014 tr.
406 1983 461 2014 IV
482 1991 510 2021 1,
532 1991 571 2014 10
586 1983 622 2014 in
638 1992 813 2014 numerum
883 1991 930 2021 ²⁹
946 1981 1053 2014 Culex
1075 1989 1112 2023 15
1131 1992 1199 2024 qua
1217 1982 1376 2013 Parnasia
1391 1990 1492 2024 rupes
1560 1988 1608 2019 3ο
1629 1981 1716 2012 Am.

277 2029 367 2061 Mos.
391 2028 453 2069 158
479 2027 678 2070 Rhodopen
702 2052 710 2059 .
736 2052 744 2059 .
769 2028 932 2060 Ismarius
956 2026 1051 2060 collis
1143 2037 1182 2066 31
1210 2026 1327 2070 Apoll.
1347 2025 1465 2059 Rhod.
1482 2026 1500 2058 Ι
1515 2024 1584 2068 496
1649 2023 1718 2059 «δον

277 2071 454 2120 (Ὀρφεὺς)
486 2071 516 2106 δ’
549 2072 598 2113 ὡς
629 2076 717 2118 γαῖα
743 2072 803 2107 καὶ
829 2071 975 2119 οὐρανὸς
1005 2070 1064 2106 ’ai
1089 2071 1259 2107 θάλασσα
1281 2071 1319 2106 τὸ
1344 2084 1368 2106 π
1391 2071 1422 2106 ὶν
1446 2069 1501 2105 ἔπ’
1524 2069 1622 2118 ἀλλὴ
1646 2081 1718 2105 οισι

278 2123 343 2165 μιῇ
379 2118 601 2166 συναρηρότα
632 2122 754 2164 μορφῇ
790 2118 922 2159 νείκεος
954 2117 992 2158 ἐξ
1037 2117 1139 2152 λοοῖο
1164 2117 1336 2164 διέκριθεν
1385 2117 1470 2162 μφὶς
1494 2117 1624 2151 ἕκαστα
1644 2114 1719 2151 ιτλ.

278 2167 377 2198 Lucr.
393 2165 429 2197 V
445 2171 511 2207 453
537 2165 654 2205 (Macr.
675 2165 726 2197 V1
743 2173 775 2203 2,
795 2167 850 2206 22)
874 2171 944 2197 tam
962 2165 1067 2208 magis
1084 2174 1276 2207 expressere
1291 2174 1341 2202 ea,
1365 2174 1452 2206 quae
1471 2173 1575 2201 mare,
1597 2163 1721 2201 sidera,

279 2211 386 2244 solem
420 2210 603 2252 lunamque
637 2210 814 2242 efficerent
848 2216 883 2242 et
917 2211 1030 2253 magni
1064 2211 1196 2243 moenia
1230 2210 1348 2242 mundi
1373 2234 1382 2242 .
1415 2234 1423 2241 .
1448 2209 1527 2241 ideo
1556 2218 1618 2252 pet
1647 2218 1721 2241 nn

280 2257 446 2289 foramina
480 2261 587 2288 terrae
617 2256 769 2298 partibus
800 2266 980 2299 erumpens
1012 2256 1141 2299 primus
1164 2266 1201 2288 se
1224 2255 1359 2288 sustulit
1381 2255 1498 2287 aether
1519 2266 1587 2298 eqs.
1609 2255 1629 2286 Ι
1652 2261 1720 2295 714

280 2315 331 2346 sq.
356 2302 519 2334 Ambros.
539 2311 592 2343 ep.
608 2302 742 2333 XVIII
764 2310 805 2343 23
830 2302 976 2334 mundus
1000 2302 1083 2345 ipse,
1107 2302 1167 2344 qui
1190 2301 1243 2333 vel
1266 2302 1412 2344 primum
1435 2302 1559 2334 coactis
1574 2300 1720 2333 demm-

282 2354 393 2380 torum
417 2358 477 2390 per
499 2347 599 2379 inane
621 2347 806 2379 seminibus
831 2353 948 2380 tenero
970 2348 1053 2380 orbe
1076 2353 1288 2380 concreverat
1333 2348 1431 2380 Lucr-
1455 2347 1474 2378 Ι
1500 2345 1605 2384 1018;
1633 2352 1719 2386 1103

281 2395 318 2426 Π
342 2394 404 2435 65;
443 2400 524 2435 105;
561 2401 625 2435 109
672 2393 790 2426 Claud.
822 2394 878 2425 III
914 2401 952 2433 17
1000 2393 1131 2426 Paulin.
1156 2393 1237 2425 Nol.
1262 2393 1362 2425 XIX
1386 2402 1427 2434 41
1465 2391 1599 2433 (claud.
1632 2391 1720 2423 Mar.

283 2440 374 2472 vict.
399 2440 418 2471 1
442 2439 484 2479 87
527 2438 626 2471 Oros.
650 2439 725 2471 VH
748 2446 803 2480 35,
831 2441 883 2479 17)
915 2450 1074 2481 magnum
1102 2449 1163 2481 per
1183 2440 1283 2471 inane
1328 2440 1419 2470 Aen.
1443 2439 1521 2470 XII
1544 2444 1628 2479 3543
1652 2435 1722 2476 906

283 2486 381 2517 Lucr.
406 2486 443 2516 11
467 2484 531 2526 83;
562 2483 624 2516 116
659 2485 714 2516 ΠΙ
742 2492 801 2524 17;
828 2492 868 2524 27
918 2485 973 2517 Ov
996 2495 1041 2516 m.
1066 2486 1121 2516 IV
1147 2484 1212 2524 718
1237 2485 1292 2516 Ἦ
1317 2492 1383 2525 ²3⁰
1405 2484 1464 2516 IX
1491 2491 1554 2524 ²²3
1601 2481 1721 2514 Manu.

284 2531 303 2562 Ι
336 2537 400 2572 553
449 2530 534 2563 Stat.
568 2529 635 2561 Th.
667 2531 685 2562 Ι
717 2538 784 2571 310
816 2541 876 2573 per
899 2531 998 2562 inane
1022 2551 1067 2555 —
1091 2531 1190 2563 Lucr.
1216 2531 1252 2562 Π
1280 2537 1366 2572 1059
1389 2530 1518 2561 semina
1541 2553 1550 2560 .
1575 2552 1584 2560 .
1608 2532 1724 2560 eoum

284 2585 330 2615 33
353 2577 452 2609 Lucr.
477 2576 532 2608 VI
557 2583 620 2618 205
648 2577 765 2616 (Macr.
789 2577 844 2608 VI
870 2584 901 2618 5,
926 2578 958 2618 4)
983 2576 1106 2618 liquidi
1123 2601 1130 2608 .
1149 2601 1158 2607 .
1174 2577 1261 2618 ignis
1284 2594 1328 2599 —
1358 2576 1456 2608 Lucr.
1481 2575 1500 2607 Ι
1523 2573 1565 2606 61
1591 2584 1634 2606 ex
1657 2572 1724 2605 illis

285 2626 364 2654 sunt
379 2621 493 2654 omnia
508 2622 625 2663 primis
659 2622 697 2653 H
716 2621 801 2653 1062
834 2622 870 2653 V
886 2630 973 2663 430:
990 2629 1054 2663 471
1077 2622 1216 2654 exordia
1295 2630 1341 2659 34
1363 2621 1462 2653 Luer.
1478 2621 1515 2652 V
1530 2627 1596 2662 495
1617 2624 1724 2652 terne

287 2673 443 2699 concreto
467 2677 606 2709 corpore
628 2668 761 2709 pondus
784 2668 936 2700 constitit
982 2667 1068 2709 468;
1095 2667 1160 2708 798
