1812 2886
258 163 314 192 20
892 156 1044 181 vanum
1636 148 1687 182 111

307 267 358 305 D.
448 266 574 304 Pollio
603 271 713 304 amat
741 270 934 309 nostram,
964 264 1147 314 quamvis
1167 270 1227 303 est
1248 265 1402 311 rustica,
1431 276 1610 314 musam;

390 323 575 367 Pierides,
607 322 770 360 vitulam
793 321 928 359 lectori
954 322 1105 371 pascite
1136 327 1277 361 vestro.
1707 337 1741 371 ι,

299 380 358 419 M
448 380 572 418 Pollio
603 385 642 417 et
672 379 759 428 ipse
789 378 882 416 facit
912 389 1018 417 nova
1048 378 1245 426 carmina;
1282 377 1432 429 pascite
1461 383 1632 424 taurum,

387 437 473 475 Iam
504 448 629 474 cornu
660 441 772 486 petat
802 440 840 473 et
871 435 1042 485 pedibus
1073 436 1141 486 qui
1170 441 1331 486 spargat
1359 434 1564 474 harenam.

310 494 360 532 D.
451 493 532 541 Qui
562 499 612 547 te,
644 492 779 538 Pollio,
815 498 935 538 amat,
966 492 1110 538 veniat,
1141 504 1224 543 quo
1256 500 1295 530 te
1325 503 1491 543 quoque
1518 491 1689 543 gaudem

390 550 512 588 Mella
542 550 669 588 fluant
698 549 761 595 illi,
793 550 892 587 ferat
923 555 962 588 et
994 549 1113 588 rubus
1142 561 1260 600 asper
1289 561 1506 589 amomum.

300 607 358 645 M.
449 606 529 655 Qui
562 606 728 645 Bavium
760 619 843 645 non
875 606 971 652 odit,
1001 613 1109 645 amet
1139 613 1209 645 tua
1238 607 1427 650 carmina.
1459 605 1606 652 Maevi,
1708 630 1744 657 ⁹·

389 664 523 715 Atque
554 664 663 703 idem
695 664 830 714 iungat
862 663 999 714 volpes
1029 669 1069 702 et
1099 664 1273 714 mulgeat
1303 664 1446 702 hircos.

313 722 365 759 D.
455 721 536 770 Qui
566 721 693 771 legitis
724 721 842 759 flores
873 727 912 759 et
942 721 1052 759 humi
1084 721 1290 759 nascentia
1320 722 1440 772 fraga,

392 778 582 829 Frigidus,
614 791 640 817 ο
670 779 794 828 pueri,
826 778 948 829 sugite
979 778 1083 823 hinc,
1113 778 1208 816 latet
1238 779 1377 828 anguis
1407 779 1447 816 in
1477 777 1614 817 herba.

305 836 362 873 M.
453 835 618 881 Parcite,
649 848 758 881 oves,
789 835 953 873 nimium
986 835 1226 886 procedere;
1258 847 1341 876 non
1371 836 1477 874 bene
1507 834 1620 886 ripae

391 893 596 941 Creditur;
628 893 714 943 ipse
744 893 845 931 aries
877 893 998 931 etiam
1031 905 1136 930 nunc
1167 892 1314 931 vellera
1344 893 1475 931 siccat.
1710 913 1746 942 ⁹⁵

313 950 364 988 D.
452 950 603 1000 Tityre,
632 956 843 1000 pascentes
873 962 898 988 a
928 950 1093 988 flumine
1125 950 1227 988 reice
1257 950 1450 1000 capenam

396 1007 500 1058 Ipse,
531 1007 599 1046 ubi
630 1013 788 1057 tempus
819 1007 902 1052 erit,
932 1007 1063 1045 omnis
1094 1007 1133 1045 in
1165 1007 1277 1045 sonte
1308 1007 1460 1046 lavabo.

304 1064 363 1102 M.
452 1064 595 1115 Cogite
625 1076 733 1110 oves,
764 1064 887 1115 pueri,
917 1065 948 1102 si
981 1064 1041 1102 lac
1072 1065 1318 1115 praeceperit
1347 1070 1492 1110 aestus,

394 1121 452 1159 Ut
482 1133 621 1172 nuper,
653 1122 794 1159 frustra
825 1122 1094 1172 pressabimus
1126 1122 1250 1160 ubera
1280 1121 1434 1172 palmis.

317 1178 364 1216 D.
455 1178 550 1217 Heu
581 1179 672 1224 heu,
703 1190 825 1229 quam
852 1179 988 1229 pingui
1010 1190 1143 1217 macer
1163 1186 1223 1217 αἱ
1243 1179 1340 1217 mihi
1360 1185 1496 1217 taurus
1516 1178 1557 1216 in
1577 1177 1694 1216 ervo!
1716 1197 1767 1218 ιω

369 1294 415 1330 84
438 1291 483 1324 sit
514 1302 531 1331 ς
567 1293 665 1323 Serv.
774 1293 822 1330 89
845 1290 956 1323 ssuunt
986 1291 1064 1323 rivis
1096 1293 1219 1324 Anecd.
1253 1292 1387 1324 Helvet.
1419 1299 1477 1331 47,
1500 1301 1568 1332 29,-
1597 1291 1654 1331 85,
1676 1292 1700 1323 8

257 1347 298 1377 ⁹¹
329 1337 474 1370 muleeat
498 1338 531 1370 R
620 1346 665 1376 9⁸
689 1336 798 1378 fragm
814 1338 1014 1369 Arusianus
1033 1337 1137 1370 GLK
1154 1338 1224 1369 Vll
1239 1345 1317 1377 477,
1339 1347 1377 1376 31
1469 1345 1515 1376 97
1539 1337 1651 1369 fronte
1666 1337 1702 1370 R

256 1386 303 1423 98
334 1388 442 1415 aestas
475 1384 508 1416 R
612 1385 669 1423 98,
702 1391 759 1422 oo,
790 1385 846 1421 96,
879 1391 936 1421 97,
958 1391 1015 1421 94,
1038 1392 1085 1421 95
1106 1388 1180 1425 pos.
1208 1383 1372 1416 Cartault
1482 1391 1549 1415 ιοο
1570 1381 1657 1415 chan
1680 1391 1700 1422 ς

259 1430 419 1473 Philarg.
453 1430 565 1462 Schol.
599 1429 704 1461 Bern.
735 1429 874 1468 [Probi]
904 1430 944 1460 de
976 1430 1041 1461 ult.
1074 1430 1154 1472 syll.
1182 1429 1285 1461 GLK
1302 1430 1362 1461 IV
1378 1431 1457 1468 256.
1481 1438 1502 1461 2
1533 1429 1631 1462 Ser-v.
1654 1429 1698 1461 A.

257 1476 300 1507 ll
318 1477 366 1516 69
412 1484 493 1507 aruo
517 1475 551 1507 R

373 1580 420 1615 84
443 1577 559 1610 Sidon.
584 1587 612 1609 c.
639 1578 690 1610 IV
716 1578 737 1609 6
761 1578 884 1610 rustioe
901 1577 1003 1609 Musa
1049 1576 1186 1620 Coripp.
1203 1576 1277 1609 Ioh.
1302 1578 1408 1620 praef.
1434 1577 1476 1610 28
1524 1578 1626 1610 Musa
1648 1582 1700 1610 eut

258 1623 380 1656 rustica
414 1633 560 1665 namque
594 1633 671 1655 mea
763 1625 808 1662 85
840 1622 984 1655 Theocr.
1016 1623 1107 1654 VIII
1138 1630 1181 1664 35
1221 1620 1374 1667 βόσκους’
1411 1621 1450 1656 ἂι
1485 1622 1603 1668 ψυχᾶς
1637 1623 1701 1664 τὰς

260 1666 416 1715 ἀμνάδας
508 1671 555 1701 86
576 1669 712 1701 Ennod.
746 1679 774 1701 c.
800 1670 816 1700 Ι
843 1676 874 1709 7,
903 1676 941 1710 13
973 1668 1090 1711 pangit
1121 1679 1208 1701 nova
1231 1669 1378 1701 earmina
1400 1669 1547 1702 Faustus
1591 1667 1700 1702 Anth.

259 1715 316 1746 lat.
341 1714 420 1754 671,
444 1722 488 1756 34
512 1724 600 1746 nova
623 1715 769 1747 earmina
793 1715 892 1747 finxit
916 1733 959 1737 —
983 1713 1126 1746 Theoer.
1142 1714 1234 1746 VIII
1258 1721 1299 1756 37
1325 1718 1427 1748 τοῦτο
1451 1714 1489 1748 τὸ
1515 1713 1701 1759 βουκόλων

259 1758 409 1794 πιαίνετε
503 1762 706 1798 87=Aen.
739 1760 797 1792 IX
832 1760 899 1800 629
956 1760 1035 1792 Seu.
1066 1759 1146 1793 dial.
1179 1760 1232 1792 111
1269 1769 1297 1799 1,
1322 1759 1343 1792 6
1375 1766 1546 1793 taurorum
1577 1770 1703 1794 eorus

260 1807 425 1838 iactantur
456 1806 490 1837 in
524 1816 666 1838 vacuum
699 1811 733 1838 et
764 1805 888 1838 harena
918 1805 1018 1848 pulsu
1049 1805 1174 1848 pedum
1205 1806 1371 1848 spargitur
1423 1807 1524 1840 Lacr.
1547 1806 1583 1838 V
1616 1813 1699 1849 1035

261 1851 428 1891 (cornibus
452 1851 587 1891 vitulus)
612 1851 698 1895 petit
745 1852 831 1884 Hor.
855 1862 883 1884 s.
909 1852 944 1883 11
972 1860 1001 1890 1,
1026 1859 1067 1893 52
1093 1861 1197 1884 cornu
1220 1858 1334 1884 taurus
1360 1852 1447 1894 petit
1493 1852 1558 1885 Ov.
1583 1857 1623 1884 tr.
1647 1851 1702 1884 tv

260 1906 293 1938 9,
320 1905 362 1938 ²9
387 1898 516 1940 spargit
532 1902 645 1930 tamen
660 1907 736 1930 aoer
746 1897 906 1930 harenam
923 1904 1037 1930 taurus
1054 1903 1088 1929 et
1106 1897 1231 1929 infesto
1246 1898 1313 1929 iam
1331 1897 1419 1940 pede
1434 1897 1548 1940 pulsat
1561 1897 1702 1930 humum

262 1942 395 1975 Paulin.
420 1943 512 1975 Petr.
536 1943 590 1975 IV
615 1942 678 1985 481
713 1953 773 1986 pes
805 1943 932 1986 spargit
962 1942 1104 1975 harenas
1195 1945 1243 1982 89
1264 1942 1407 1976 Theoer.
1432 1943 1467 1975 V
1503 1950 1565 1986 125
1596 1943 1641 1977 τὰ
1663 1941 1702 1978 86

260 2000 314 2022 τοι
345 1987 405 2022 σία
435 1988 567 2035 καρπὸν
599 1987 739 2030 initiat,
772 1986 873 2034 ῥαίτω
931 1987 955 2022 ἁ
979 1986 1164 2034 Συβαρῖτις
1188 1987 1263 2034 ἔμὶν
1287 1987 1368 2034 μέλι
1399 1989 1418 2021 1
1445 1997 1508 2030 132
1530 1993 1589 2023 νῦν
1610 1986 1642 2023 δ’
1662 1985 1704 2023 ἴα

261 2035 323 2080 μὲν
348 2034 508 2080 φορὲοιτι
532 2033 645 2078 βάτοι,
670 2034 831 2080 φορέοιτε
856 2031 887 2068 δ’
905 1999 1067 2068 {tamt
1113 2034 1216 2066 Prud.
1241 2034 1316 2068 ditt.
1341 2034 1383 2075 67
1432 2034 1590 2078 Cyprian-
1615 2035 1703 2068 Gau.

262 2080 374 2112 Exod.
405 2087 466 2122 157
514 2079 623 2112 Anth.
648 2080 705 2113 lat.
730 2080 809 2122 658,
835 2089 876 2112 22
923 2080 1104 2122 Augustin.
1121 2090 1221 2112 serm.
1245 2080 1335 2112 ined.
1359 2081 1377 2112 1
1401 2088 1421 2122 3
1468 2080 1569 2113 mella
1591 2080 1706 2114 fluunt

263 2125 394 2166 (fluant)
488 2135 528 2165 9¹
570 2127 650 2159 Otto
683 2128 940 2168 Sprzthwffrter
966 2132 1005 2168 p.
1036 2134 1126 2166 379:
1160 2128 1223 2166 164
1318 2135 1365 2165 ⁹2
1396 2125 1530 2158 Colum.
1562 2127 1602 2158 X
1637 2126 1703 2159 268

263 2181 350 2213 quae
368 2196 375 2203 .
395 2195 402 2202 .
422 2171 523 2203 flores
556 2171 683 2212 legistis
790 2181 837 2211 93
869 2172 962 2204 VIII
996 2179 1034 2211 71
1093 2170 1235 2203 Theoer.
1268 2171 1344 2203 XV
1379 2171 1421 2213 58
1457 2171 1590 2217 ψυχρὸν
1625 2170 1705 2217 ὄφιν

263 2218 328 2250 Ov.
361 2227 407 2249 m.
438 2218 497 2249 XI
531 2224 594 2259 775
631 2217 737 2250 latens
774 2217 879 2249 herba
914 2218 1052 2250 coluber
1105 2217 1265 2249 Dracont.
1298 2217 1388 2250 laud.
1419 2218 1456 2249 11
1482 2225 1546 2258 277
1578 2228 1704 2260 angues

263 2268 470 2305 quaeruntur
499 2263 534 2294 in
564 2262 670 2295 herba
761 2272 807 2302 94
831 2262 973 2296 Theocr.
998 2263 1034 2295 V
1058 2263 1075 2294 I
1107 2257 1207 2307 αἶγες
1239 2260 1322 2306 ἐμαὶ
1339 2287 1347 2295 .
1366 2287 1375 2295 .
1393 2261 1538 2308 φεύγετε
1572 2272 1612 2306 3;
1641 2271 1706 2296 100

264 2306 347 2342 eitt’
379 2307 449 2342 ἀπὸ
471 2313 535 2348 τᾶς
556 2307 680 2342 κοτὶνω
703 2308 762 2342 ταὶ
785 2307 943 2355 μηκάδες
967 2309 1058 2341 VIII
1081 2307 1123 2348 67
1217 2311 1327 2351 ofisq.
1351 2307 1493 2341 Theocr.
1518 2310 1573 2341 111
1596 2317 1616 2351 3
1647 2311 1708 2349 (ad

263 2355 322 2386 IX
349 2356 403 2396 23)
435 2355 490 2386 1V
513 2363 558 2396 44
590 2353 701 2399 βάλλε
733 2353 875 2389 κάτωθε
906 2355 950 2388 τὰ
973 2352 1107 2400 μοσχὶα
1137 2354 1173 2386 V
1201 2361 1262 2396 145
1297 2349 1397 2398 αἶγες
1429 2352 1512 2400 ἃμα-ἱ
1538 2354 1704 2401 θαρσεῖτε

262 2398 476 2446 κεροότιδες·
501 2398 622 2445 αὔριον
646 2397 737 2445 ὔμμε
761 2399 877 2440 πάσας
900 2399 972 2446 ἒγὼ
992 2398 1110 2434 λοοσῶ
1129 2397 1358 2452 Σοβαρίτιδος
1381 2398 1648 2478 ἔνδοθιῒὲιῖνας
1665 2402 1703 2438 (s.

264 2444 697 2533 arama-{15:33
718 2445 1455 2534 1³⁶3²²¹ffi⁴5345m³3221302>⁰51¹21329
1474 2446 1569 2534 ξω
1588 2445 1705 2524 affl...

263 2537 324 2569 ubi
354 2537 439 2569 aeris
470 2538 640 2580 praecepit
697 2537 830 2570 Colum.
859 2538 932 2570 arb.
967 2538 1004 2570 11
1038 2546 1056 2569 2
1092 2547 1178 2570 uvae
1210 2547 1298 2580 quae
1332 2537 1576 2580 praecipientur
1609 2543 1706 2570 aestu

264 2591 312 2622 99
334 2582 399 2615 Ov.
431 2593 477 2614 m.
509 2583 586 2615 XV
615 2590 681 2625 472
712 2584 817 2615 ubera
835 2607 844 2615 .
861 2607 870 2615 .
889 2584 1044 2616 manibus
1078 2583 1263 2627 pressanda
1297 2582 1445 2625 apellae
1497 2583 1523 2616 f.
1553 2583 1608 2615 I'V
1638 2583 1707 2625 769

264 2628 370 2660 ubera
399 2628 500 2671 plena
529 2638 678 2671 premam
774 2638 841 2661 ιοο
865 2628 1006 2661 Theoer.
1030 2629 1085 2661 IV
1118 2637 1162 2660 20
1192 2627 1319 2668 λεπτὸς
1348 2628 1417 2673 μὰν
1446 2626 1502 2673 χὼ
1533 2631 1662 2675 ταῦρος
1684 2628 1704 2663 ὁ

265 2672 434 2720 πυρρίχας
478 2675 556 2707 Tib.
573 2675 591 2706 I
609 2684 642 2716 4,
667 2674 707 2706 81
732 2674 800 2707 heu
822 2674 890 2707 heu
913 2685 1015 2717 quam
1041 2673 1216 2707 Marathus
1238 2674 1330 2706 lento
1353 2683 1410 2706 me
1433 2679 1569 2716 torquet
1591 2685 1708 2708 amore
